2912 4968
668 449 712 519 85

195 684 358 760 centlere,
394 682 486 768 quod
515 681 734 758 demonstrat,
770 704 787 744 e
816 682 920 767 glacie
949 685 1079 751 radiare
1108 679 1164 754 tlt

196 863 257 928 gus
280 839 341 926 (l).

240 993 382 1076 Quando
413 993 535 1079 glacies
567 993 602 1056 in
632 993 819 1059 fluminibus
843 998 1053 1081 praesertim,
1089 1009 1164 1062 ante

195 1149 373 1215 debaclum
402 1169 470 1213 non
501 1149 662 1234 rumpitur
688 1171 825 1236 magnas
852 1153 1056 1218 calamitates
1084 1176 1163 1240 pro·

195 1308 316 1371 ducere
336 1315 465 1391 potest,
497 1327 529 1372 v.
550 1325 581 1392 g.
601 1307 859 1383 obstructiones,
893 1308 1013 1394 quihus
1033 1310 1163 1376 effluvio

194 1461 390 1528 afficiuntur.
425 1460 478 1525 Ad
497 1460 753 1545 praeveniendas
767 1461 839 1525 illas
859 1463 1064 1528 calamitates
1079 1467 1163 1550 epis-

128 1673 135 1682 .
196 1617 307 1704 tomia]
328 1620 495 1683 ducuntur
513 1616 598 1678 inira
621 1615 778 1700 glaciem,
803 1637 890 1702 quac
911 1618 1051 1702 glaciem
1072 1619 1162 1683 sran-

195 1783 276 1860 gunt
307 1783 338 1836 et
366 1774 401 1836 in
427 1792 529 1857 parva
560 1771 742 1856 fragmenta
774 1771 946 1848 dividunt,
981 1794 1068 1858 quae
1094 1795 1163 1838 non

195 1938 328 1992 nocent.

238 2083 272 2146 Si
288 2083 410 2170 glacies
428 2099 461 2146 se
480 2091 588 2167 potest
608 2083 825 2170 conjungere,
851 2103 927 2148 oum
944 2083 1021 2148 satis
1039 2104 1160 2171 magna

195 2237 332 2304 calorici
354 2237 451 2322 copia
473 2236 566 2323 quod
587 2258 626 2300 ex
644 2235 840 2323 corporibus
867 2239 1084 2305 ambientibus
1103 2261 1159 2305 cas

194 2393 365 2459 lidioribus
382 2392 510 2468 exiens,
535 2393 652 2457 iterum
672 2394 776 2458 latens
795 2396 922 2472 evadit,
956 2406 1057 2485 atque
1082 2397 1160 2463 hinc

194 2559 414 2636 temperatura
443 2548 560 2634 glaciei
588 2549 797 2635 liquescentis
815 2549 1048 2618 thermometro
1074 2554 1160 2618 indi·

193 2715 270 2770 cata
288 2725 358 2770 non
377 2714 541 2778 mutatur,
577 2702 735 2768 funditur.
782 2704 971 2771 Secundum
994 2729 1157 2774 ruvorsm-
1253 2783 1257 2790 ⁴

193 2881 264 2924 nou
282 2870 314 2926 et
333 2883 373 2924 nn
392 2881 433 2924 aa
451 2879 613 2924 rasorum:
647 2859 701 2922 Est
731 2859 841 2934 calor,
875 2861 934 2946 qui
959 2862 1154 2948 requiritur,

190 3027 227 3081 nt
245 3017 365 3104 glacies
379 3015 537 3080 fundatur
558 3015 705 3100 aequalis
722 3016 741 3104 ξ
759 3014 843 3101 ejus,
870 3016 928 3101 qui
943 3016 1032 3080 idem
1051 3029 1159 3104 aquae

191 3173 321 3258 pondus
348 3192 367 3234 a
397 3181 617 3264 temperatura
639 3171 757 3257 glaciei
774 3171 985 3258 liquescentis
1004 3173 1049 3238 ad
1066 3175 1156 3239 illam

191 3347 298 3416 aquae
319 3327 502 3392 ebullientis
519 3327 700 3412 perducere
719 3327 833 3412 possit.

232 3481 335 3548 Aliter
356 3504 407 3547 res
426 3479 635 3574 meetabet,
659 3483 684 3546 si
705 3482 886 3546 calor-icum
908 3504 983 3547 cum
1003 3503 1091 3569 aqua
1113 3483 1157 3547 ad

187 3649 348 3726 punctum
365 3638 603 3725 consolationis
617 3627 793 3723 frigefacto
807 3638 1040 3725 conjungatur.
1074 3640 1157 3704 Nam

210 3965 252 4033 (ll
271 3968 343 4019 Conl.
362 3983 384 4024 s.
406 3985 425 4017 r.
446 3983 562 4017 rourum
582 3968 605 4016 in
625 3984 666 4034 op.
689 3969 753 4030 cit,
774 3969 842 4019 lom.
865 3969 885 4018 l.
906 3969 965 4018 Para
983 3969 1004 4019 la
1040 4015 1043 4022 ,

1025 4107 1045 4164 5
