2912 4968
208 677 280 743 cela
308 675 448 764 [rigida3
476 674 515 740 in
541 681 663 740 uentre
679 672 777 760 eujus
799 674 883 740 vasis
903 672 1168 742 thermometrum

206 835 351 920 punitum
375 840 434 897 eat.
487 830 601 916 Vapor
627 829 685 894 illo
710 829 787 896 loeo
813 829 922 916 perdit
948 838 1077 916 partem
1100 831 1171 917 ejus

204 988 378 1065 tensionis,
402 1007 436 1053 ae
452 986 668 1074 praecipium
690 1007 768 1052 mex
783 986 945 1072 excipitur
961 984 1045 1078 haee
1061 1005 1169 1074 quau·

205 1145 282 1210 titan
309 1144 373 1210 alia
402 1144 588 1232 quantitate
609 1143 761 1230 vaporis,
791 1164 880 1232 quae
899 1143 998 1210 etiam
1018 1164 1052 1214 se
1071 1162 1169 1230 prae·

205 1299 340 1386 cipitat‚
372 1309 406 1366 et
434 1299 482 1366 aie
510 1319 611 1386 porro
641 1317 745 1386 usque
772 1299 816 1363 ad
841 1299 946 1364 omnia
969 1317 1058 1386 aqua
1081 1319 1168 1386 quae

204 1457 332 1544 liquida
357 1476 473 1520 manaa
496 1464 566 1520 erat
592 1455 627 1519 in
649 1455 676 1520 B
702 1465 773 1519 tota
795 1463 973 1540 evaporata
993 1463 1059 1532 est,
1084 1464 1116 1518 et
1133 1455 1168 1518 iu

203 1611 233 1678 A
257 1611 366 1698 posita
391 1621 450 1676 eat.
493 1609 668 1692 Quantitas
684 1609 826 1696 quaein
843 1619 931 1675 statu
949 1609 1079 1695 vaporis
1095 1629 1167 1674 ma-

203 1777 279 1844 net,
311 1776 382 1832 tum
401 1766 523 1853 gaudet
541 1765 704 1843 tensione,
729 1785 816 1853 quae
834 1765 986 1853 congruit
1005 1775 1169 1852 tempera·

204 1931 297 1986 tanae
318 1921 357 1987 A.
401 1921 491 1988 Haec
512 1891 621 1987 tensio
646 1931 716 1986 tum
740 1920 948 1999 observatur,
973 1931 1166 2006 comparata

201 2075 375 2144 altitudine
393 2076 605 2166 hydrargyri,
628 2075 762 2142 intubo
780 2093 939 2164 vaporem
958 2077 1166 2154 continente,

200 2253 278 2299 eum
307 2233 479 2299 altitudine
504 2232 718 2324 hydaargyri‚
753 2253 795 2298 eo
818 2243 1002 2312 momento,
1027 2235 1063 2298 in
1083 2232 1166 2298 tubo

202 2389 380 2456 baromeui
399 2389 545 2476 penieete
565 2396 640 2455 atre
665 2400 819 2477 purgato.
864 2390 918 2456 Ad
935 2391 1105 2458 faciendae
1123 2391 1164 2456 il·

201 2546 250 2612 tu
277 2545 459 2610 mensiones
487 2555 643 2610 accurate
677 2545 781 2610 utitur
808 2545 889 2610 tubo
919 2547 1034 2632 optieo
1060 2565 1165 2633 parvo

199 2697 447 2766 horizontaliter
466 2698 594 2785 potito,
617 2700 677 2786 qui
694 2701 893 2766 verticaliter
906 2701 1037 2766 mobilis
1057 2711 1106 2766 eat
1129 2701 1183 2788 iu·

200 2856 323 2921 aculam
348 2856 384 2920 iu
410 2856 531 2944 gradus
557 2855 710 2934 divisam,
744 2866 776 2921 et
798 2857 926 2922 interne
951 2855 1164 2944 microntatro

200 3011 333 3098 gaudet.
377 3012 449 3078 1100
468 3011 587 3088 modo,
618 3029 682 3095 ope
700 3008 800 3097 hujus
817 3020 1017 3096 apparatus,
1039 3008 1165 3076 invenit

200 3165 380 3234 tentionem
416 3187 524 3255 equae
558 3165 690 3253 vaporis
723 3165 831 3252 gradu
860 3166 1013 3244 —lutu
1030 3166 1067 3236 C.
1095 3185 1163 3232 eaae

202 3286 311 3403 tte

244 3479 442 3566 Evaperatio
469 3481 578 3569 major
605 3501 673 3547 esse
701 3483 819 3570 glaciei
845 3487 881 3546 in
906 3499 1029 3556 vacuo,
1060 3497 1163 3565 quum

196 3635 285 3700 iltius
309 3637 346 3702 in
371 3639 446 3702 aere
473 3635 654 3716 formatae,
687 3639 735 3706 Cl.
765 3659 829 3706 aaa
856 3657 940 3702 aona
963 3635 1013 3724 (l)
1032 3635 1160 3722 experi-

225 3869 265 3940 (Ι)
283 3872 356 3924 Gens.
378 3889 402 3924 ι.
421 3887 544 3934 ananan,
572 3872 679 3935 Setae,
704 3873 910 3940 artuumq-
932 3888 965 3924 an
983 3870 1160 3924 Namarin-

286 3969 346 4044 ἃς·
363 3969 543 4034 attttottnt,
563 3972 593 4026 a.
613 3971 665 4026 XV.
