2912 4968
667 491 706 554 21

202 737 276 796 mo,
311 727 386 804 post
422 717 592 782 minimum
632 717 789 804 temporis
825 719 1002 802 spatium,¹
1025 722 1170 787 secundo

201 873 363 952 fluvialis,
389 883 422 939 et
442 874 539 940 tertio
560 893 647 962 aqua
671 873 1054 962 putea'oongelesoeret3
1077 897 1170 944 vero·

201 1029 349 1095 similiter
375 1039 514 1117 propter
539 1018 671 1116 copiam
696 1031 828 1110 salium,
858 1029 964 1098 hacce
981 1043 1070 1120 aqua
1090 1053 1172 1099 oon·

202 1195 388 1264 tentorum,
422 1207 529 1274 quae,
570 1197 607 1252 ut
639 1185 714 1276 jam
750 1187 905 1268 vidimus,
947 1189 1173 1277 congelationi

202 1339 344 1409 obstant.
402 1342 559 1422 idisoelis,
605 1363 713 1431 aquae
754 1343 895 1432 frigidae
940 1354 974 1411 et
1019 1345 1166 1423 calidae,

201 1519 284 1587 opus
313 1509 384 1566 erat
410 1499 567 1586 temporie
584 1498 691 1584 spatio
717 1475 935 1564 uniuslrorae
956 1499 1001 1565 od
1018 1521 1119 1566 unam
1138 1511 1171 1566 et

203 1639 376 1720 didridiam
400 1653 541 1733 horam,
574 1663 754 1742 antequam
782 1655 818 1720 in
849 1663 971 1720 etatum
1000 1656 1174 1722 soliditatis

201 1785 390 1877 transirent.
413 1813 416 1820 ’
437 1811 508 1876 Hae
525 1811 679 1878 miscelae
699 1811 835 1878 etiamn
857 1810 962 1878 fundo
985 1821 1018 1877 et
1037 1813 1173 1900 parieti·

200 1966 263 2032 bus
287 1967 465 2054 congelare
487 1965 702 2053 incipiebant.
747 1965 814 2033 Sed
836 1967 883 2032 ita
904 1975 1013 2033 tamen
1029 1955 1172 2056 utaque

199 2122 310 2188 calida
346 2132 380 2189 et
411 2089 571 2190 'miso'elae
604 2123 713 2210 primo
743 2142 763 2188 a
792 2123 898 2188 lundo
931 2133 964 2190 et
991 2122 1172 2210 parietibus

200 2279 486 2367 congelescunt,
523 2285 641 2346 contre
677 2278 800 2367 frigida
833 2300 922 2368 aqua
951 2301 972 2346 a
1000 2281 1174 2368 superficie
1222 2331 1224 2334 -

198 2449 232 2502 et
259 2436 451 2522 parietibus.
506 2435 666 2524 Sequenti
695 2435 799 2502 modo
835 2447 872 2503 ut
909 2435 989 2504 mihi
1023 2439 1171 2519 videtur;

199 2591 264 2659 hoo
287 2590 550 2679 'phaenomenon
577 2591 746 2678 explicatu
779 2593 877 2659 laoile
910 2603 969 2660 est.
1026 2595 1170 2677 Quando

198 2751 321 2836 aquam
339 2747 500 2826 calidam,
518 2747 602 2815 vasis
612 2758 820 2828 contentam,
832 2749 947 2838 frigori
955 2753 1167 2838 exponimus,
1289 2776 1291 2780 ·

197 2903 402 2992 refrigerabit
434 2923 586 2990 suprema
612 2903 821 2988 superficies,
853 2925 942 2992 quae
966 2909 1042 2970 aire
1062 2905 1170 2993 tangi·

197 3037 252 3126 aa
280 3059 417 3148 fando,
449 3060 597 3126 omnium
619 3059 782 3146 primum,
810 3058 911 3146 igitur
930 3059 1089 3148 gaudebo
1111 3059 1169 3126 aa

197 3216 386 3303 superficies
411 3235 563 3303 suprema
588 3215 698 3303 primo
724 3224 947 3302 temperatura
964 3217 1089 3296 440,1
1111 3217 1165 3297 C.,
1215 3191 1217 3200 ¹

196 3378 279 3460 quo'
294 3371 402 3461 gradu
427 3371 544 3437 eadem
567 3371 736 3460 quantitas
761 3392 870 3464 aquae
896 3371 1003 3438 dulcis
1022 3385 1167 3461 occupat

197 3527 367 3594 minimum
394 3527 570 3608 volumen,
609 3528 737 3594 obtinet
769 3529 948 3596 maximum
978 3529 1166 3612 densitatis3

200 3703 219 3747 a
248 3704 318 3770 quo
345 3695 473 3771 puncto
499 3685 618 3751 animur
647 3705 770 3774 aquam
797 3688 842 3753 ad
867 3695 1028 3774 punctum
1050 3685 1092 3752 0ο
1106 3689 1162 3767 C..
1216 3677 1219 3684 “

198 3861 267 3928 quo
296 3839 348 3906 ad'
366 3849 487 3909 statum
511 3841 685 3910 soliditatis
714 3844 847 3923 transit¹
881 3866 990 3911 rursus
1009 3845 1161 3925 dilatari,

197 3996 241 4086 ita
261 4006 296 4062 ut
318 4017 355 4064 oa
379 4007 538 4087 occupet,
569 4000 750 4068 secundum
770 4004 990 4090 experimenta
1011 4025 1029 4070 a
1050 4002 1164 4090 Physi-
