2912 4968
737 476 781 541 00

277 708 390 784 ducit,
419 706 478 772 sed
500 705 612 772 attritu
630 705 739 772 evadit
759 704 924 772 electrina.
970 705 1011 770 Ut
1028 707 1137 771 omnia
1154 727 1231 774 eor-

272 884 356 950 pora
384 863 483 928 otiam
509 863 629 950 glacies
655 862 812 928 dilatatur
838 861 948 927 calore
975 872 1007 926 et
1029 860 1231 927 contrahitur

276 1019 418 1106 frigore,
443 1039 511 1106 quo
535 1019 721 1084 efficiuntur
739 1019 815 1083 illae
839 1019 990 1095 fissurae,
1014 1039 1102 1106 quae
1117 1018 1153 1084 in
1170 1018 1233 1081 flu-

275 1173 434 1250 minibus,
458 1172 596 1238 laoubus
617 1183 649 1237 et
670 1172 814 1238 maribus
836 1173 1058 1240 observantur.

320 1329 487 1394 Guurrus
508 1327 556 1416 (l)
577 1329 797 1414 experimenta
819 1329 861 1394 de
880 1339 1099 1414 temperatura
1118 1327 1235 1415 glaciei

234 1509 236 1516 ’
276 1484 312 1548 iu
333 1482 458 1590 Siberis
479 1484 635 1561 instituit,
660 1505 748 1572 quaa
769 1484 954 1552 docueruut
974 1485 1162 1572 sequentia:

322 1641 365 1705 1⁰.
389 1640 531 1721 Quando
557 1640 640 1704 atris
664 1640 764 1728 frigus
793 1650 949 1728 augetur,
979 1649 1115 1728 augetur
1138 1639 1237 1704 etiam
1334 1637 1336 1642 ’

277 1795 396 1883 glaciei
422 1795 533 1882 frigus.
577 1795 667 1859 Haeo
697 1795 810 1860 auctio
836 1796 970 1860 tandem
994 1815 1071 1861 raro
1094 1794 1240 1881 aequatis

278 1960 326 2016 est
342 1951 373 2016 ei
389 1951 490 2028 atris,
513 1949 672 2014 rarissime
692 1950 816 2038 major,
841 1951 899 2016 sed
919 1951 1102 2036 saepissime
1119 1950 1253 2014 minors

321 2106 367 2172 2⁰.
399 2105 596 2171 Diminuitur
619 2104 721 2192 frigus
747 2107 848 2183 atris,
879 2105 1063 2190 saepissimo
1086 2106 1180 2170 simul
1199 2125 1254 2184 ac¹

279 2261 382 2348 frigus
411 2261 529 2348 glaciei
556 2260 758 2327 diminuitur.
809 2261 901 2326 Raro
924 2261 1107 2326 diminuunt
1124 2258 1253 2324 eadem·

282 2416 427 2495 ratione,
469 2417 662 2524 plerumque
698 2416 900 2482 imminuitur
921 2416 1028 2504 'frigus
1057 2415 1140 2481 atris
1167 2414 1242 2501 plus

283 2591 384 2658 quam
403 2593 443 2638 ea
462 2573 591 2660 glaciei.

325 2729 371 2794 θ’.
395 2729 540 2795 Glaciale
558 2730 676 2818 frigus,
699 2728 794 2817 quod
808 2729 891 2794 atris
903 2729 1032 2794 ratione
1047 2727 1242 2803 intenditur,

284 2885 482 2973 plerumque.
503 2897 613 2951 tamen
639 2886 742 2972 magis
766 2885 968 2962 intenditur,
998 2883 1135 2971 quando
1165 2881 1247 2948 atris

284 3038 386 3126 frigus
416 3042 523 3107 aerius
548 3043 607 3123 fit3
634 3042 712 3107 licet
732 3061 808 3106 oum
829 3040 1011 3106 intensione
1029 3037 1094 3104 hac
1116 3045 1246 3104 atreum

210 3279 215 3284 ἢ
285 3192 434 3258 nondum
459 3190 504 3257 ad
531 3164 606 3256 eum
628 3191 768 3279 gradum
797 3192 956 3270 accedat,
985 3212 1055 3279 quo
1080 3189 1269 3279 gaudebat·

288 3357 365 3412 unta
386 3345 473 3411 hanc
494 3344 708 3412 mutationem
729 3347 860 3434 glacies.

254 3525 255 3530 ¹
330 3503 376 3570 ⁴1⁰,
399 3501 650 3573 Viosssitudines
666 3513 699 3568 ot
720 3503 917 3569 mutationes
934 3501 1052 3569 caloris
1070 3509 1103 3565 ot
1121 3499 1251 3589 trigoris

288 3667 466 3752 perpetuae
483 3667 575 3736 sunt,
600 3660 719 3723 tamin
736 3666 829 3738 atre,
854 3680 956 3747 quam
972 3659 1008 3722 in
1023 3657 1140 3745 glacie.
1185 3655 1251 3720 Sed

322 3981 363 4056 tl)
380 3984 452 4037 Cous.
474 3985 570 4042 comm.
587 3985 666 4038 Aood.
684 3987 783 4042 Sciant.
802 3989 867 4052 turp.
890 3985 1117 4051 Pstropots'touor,
1138 3984 1206 4034 tom.
1224 3982 1255 4032 Χ.
