<?xml version="1.0" encoding="UTF-8"?>
<!DOCTYPE html PUBLIC "-//W3C//DTD XHTML 1.0 Transitional//EN"
    "http://www.w3.org/TR/xhtml1/DTD/xhtml1-transitional.dtd">
<html xmlns="http://www.w3.org/1999/xhtml" xml:lang="en" lang="en">
 <head>
  <title>
</title>
<meta http-equiv="Content-Type" content="text/html;charset=utf-8" />
  <meta name='ocr-system' content='tesseract 3.04.00' />
  <meta name='ocr-capabilities' content='ocr_page ocr_carea ocr_par ocr_line ocrx_word'/>
</head>
<body>
  <div class='ocr_page' id='page_1' title='image "./dissertatiophys00buecgoog_0050.png"; bbox 0 0 2912 4968; ppageno 0'>
   <div class='ocr_carea' id='block_1_1' title="bbox 677 463 720 528">
    <p class='ocr_par' dir='ltr' id='par_1_1' title="bbox 677 463 720 528">
     <span class='ocr_line' id='line_1_1' title="bbox 677 463 720 528; baseline 0 0"><span class='ocrx_word' id='word_1_1' title='bbox 677 463 720 528; x_wconf 78' lang='lat'><strong>29</strong></span> 
     </span>
    </p>
   </div>
   <div class='ocr_carea' id='block_1_2' title="bbox 213 687 1181 1090">
    <p class='ocr_par' dir='ltr' id='par_1_2' title="bbox 213 687 1181 1090">
     <span class='ocr_line' id='line_1_2' title="bbox 257 687 1180 776; baseline 0.001 -18"><span class='ocrx_word' id='word_1_2' title='bbox 257 692 331 758; x_wconf 83' lang='lat' dir='ltr'><strong>Alio</strong></span> <span class='ocrx_word' id='word_1_3' title='bbox 363 690 465 758; x_wconf 89' lang='lat' dir='ltr'><strong>modo</strong></span> <span class='ocrx_word' id='word_1_4' title='bbox 494 699 605 755; x_wconf 88' lang='lat' dir='ltr'><strong>tamen</strong></span> <span class='ocrx_word' id='word_1_5' title='bbox 632 688 819 776; x_wconf 78' lang='lat' dir='ltr'><strong>congelatio</strong></span> <span class='ocrx_word' id='word_1_6' title='bbox 846 689 880 752; x_wconf 90' lang='lat' dir='ltr'><strong>in</strong></span> <span class='ocrx_word' id='word_1_7' title='bbox 907 687 1044 756; x_wconf 87' lang='lat' dir='ltr'><strong>lacubus</strong></span> <span class='ocrx_word' id='word_1_8' title='bbox 1070 691 1180 758; x_wconf 87' lang='lat' dir='ltr'><strong>focum</strong></span> 
     </span>
     <span class='ocr_line' id='line_1_3' title="bbox 214 843 1179 934; baseline -0.004 -20"><span class='ocrx_word' id='word_1_9' title='bbox 214 849 345 916; x_wconf 90' lang='lat' dir='ltr'><strong>videtur</strong></span> <span class='ocrx_word' id='word_1_10' title='bbox 366 845 507 926; x_wconf 88' lang='lat' dir='ltr'><strong>habere,</strong></span> <span class='ocrx_word' id='word_1_11' title='bbox 535 866 637 934; x_wconf 90' lang='lat' dir='ltr'><strong>quam</strong></span> <span class='ocrx_word' id='word_1_12' title='bbox 653 845 689 910; x_wconf 91' lang='lat' dir='ltr'><strong>in</strong></span> <span class='ocrx_word' id='word_1_13' title='bbox 710 843 805 932; x_wconf 87' lang='lat' dir='ltr'><strong>aquis</strong></span> <span class='ocrx_word' id='word_1_14' title='bbox 825 844 1051 932; x_wconf 76' lang='lat' dir='ltr'><strong>stagnantibus</strong></span> <span class='ocrx_word' id='word_1_15' title='bbox 1067 855 1099 911; x_wconf 91' lang='lat' dir='ltr'><strong>et</strong></span> <span class='ocrx_word' id='word_1_16' title='bbox 1116 845 1179 910; x_wconf 86' lang='lat' dir='ltr'><strong>flu-</strong></span> 
     </span>
     <span class='ocr_line' id='line_1_4' title="bbox 213 999 1181 1090; baseline -0.006 -18"><span class='ocrx_word' id='word_1_17' title='bbox 213 1004 301 1072; x_wconf 52' lang='lat' dir='ltr'><strong>viis,</strong></span> <span class='ocrx_word' id='word_1_18' title='bbox 335 1003 458 1070; x_wconf 79' lang='lat' dir='ltr'><strong>Saltem</strong></span> <span class='ocrx_word' id='word_1_19' title='bbox 484 1001 682 1069; x_wconf 83' lang='lat' dir='ltr'><strong>confirmant</strong></span> <span class='ocrx_word' id='word_1_20' title='bbox 706 1001 929 1090; x_wconf 85' lang='lat' dir='ltr'><strong>experimenta</strong></span> <span class='ocrx_word' id='word_1_21' title='bbox 954 999 996 1067; x_wconf 94' lang='lat' dir='ltr'><strong>de</strong></span> <span class='ocrx_word' id='word_1_22' title='bbox 1018 1009 1181 1088; x_wconf 90' lang='lat' dir='ltr'><strong>tempera-</strong></span> 
     </span>
    </p>
   </div>
   <div class='ocr_carea' id='block_1_3' title="bbox 215 1155 1183 1247">
    <p class='ocr_par' dir='ltr' id='par_1_3' title="bbox 215 1155 1183 1247">
     <span class='ocr_line' id='line_1_5' title="bbox 215 1155 1183 1247; baseline -0.001 -24"><span class='ocrx_word' id='word_1_23' title='bbox 215 1168 290 1227; x_wconf 87' lang='lat' dir='ltr'><strong>tura</strong></span> <span class='ocrx_word' id='word_1_24' title='bbox 306 1160 439 1225; x_wconf 88' lang='lat' dir='ltr'><strong>laeuum</strong></span> <span class='ocrx_word' id='word_1_25' title='bbox 457 1158 623 1237; x_wconf 89' lang='lat' dir='ltr'><strong>instituta,</strong></span> <span class='ocrx_word' id='word_1_26' title='bbox 649 1179 791 1247; x_wconf 89' lang='lat' dir='ltr'><strong>aquam,</strong></span> <span class='ocrx_word' id='word_1_27' title='bbox 822 1178 910 1246; x_wconf 89' lang='lat' dir='ltr'><strong>quae</strong></span> <span class='ocrx_word' id='word_1_28' title='bbox 932 1167 968 1224; x_wconf 92' lang='lat' dir='ltr'><strong>ut</strong></span> <span class='ocrx_word' id='word_1_29' title='bbox 987 1155 1127 1224; x_wconf 81' lang='lat' dir='ltr'><strong>vidimus</strong></span> <span class='ocrx_word' id='word_1_30' title='bbox 1147 1155 1183 1222; x_wconf 87' lang='lat' dir='ltr'><strong>in</strong></span> 
     </span>
    </p>
   </div>
   <div class='ocr_carea' id='block_1_4' title="bbox 215 1313 1182 1402">
    <p class='ocr_par' dir='ltr' id='par_1_4' title="bbox 215 1313 1182 1402">
     <span class='ocr_line' id='line_1_6' title="bbox 215 1313 1182 1402; baseline -0.002 -23"><span class='ocrx_word' id='word_1_31' title='bbox 215 1313 322 1381; x_wconf 81' lang='lat' dir='ltr'><strong>fluviis</strong></span> <span class='ocrx_word' id='word_1_32' title='bbox 347 1336 424 1380; x_wconf 90' lang='lat' dir='ltr'><strong>cum</strong></span> <span class='ocrx_word' id='word_1_33' title='bbox 448 1335 468 1380; x_wconf 90' lang='lat' dir='ltr'><strong>a</strong></span> <span class='ocrx_word' id='word_1_34' title='bbox 489 1313 594 1382; x_wconf 89' lang='lat' dir='ltr'><strong>fundo</strong></span> <span class='ocrx_word' id='word_1_35' title='bbox 616 1322 687 1380; x_wconf 91' lang='lat' dir='ltr'><strong>tum</strong></span> <span class='ocrx_word' id='word_1_36' title='bbox 708 1334 728 1379; x_wconf 93' lang='lat' dir='ltr'><strong>a</strong></span> <span class='ocrx_word' id='word_1_37' title='bbox 747 1313 921 1401; x_wconf 85' lang='lat' dir='ltr'><strong>superficie</strong></span> <span class='ocrx_word' id='word_1_38' title='bbox 942 1314 1111 1402; x_wconf 83' lang='lat' dir='ltr'><strong>congelari</strong></span> <span class='ocrx_word' id='word_1_39' title='bbox 1129 1313 1182 1378; x_wconf 91' lang='lat' dir='ltr'><strong>in·</strong></span> 
     </span>
    </p>
   </div>
   <div class='ocr_carea' id='block_1_5' title="bbox 109 1465 1229 3902">
    <p class='ocr_par' dir='ltr' id='par_1_5' title="bbox 109 1465 1229 3902">
     <span class='ocr_line' id='line_1_7' title="bbox 217 1465 1181 1558; baseline -0.001 -23"><span class='ocrx_word' id='word_1_40' title='bbox 217 1469 315 1558; x_wconf 90' lang='lat' dir='ltr'><strong>cipit,</strong></span> <span class='ocrx_word' id='word_1_41' title='bbox 346 1470 382 1536; x_wconf 90' lang='lat' dir='ltr'><strong>in</strong></span> <span class='ocrx_word' id='word_1_42' title='bbox 408 1469 548 1536; x_wconf 89' lang='lat' dir='ltr'><strong>lacubus</strong></span> <span class='ocrx_word' id='word_1_43' title='bbox 571 1488 641 1535; x_wconf 90' lang='lat' dir='ltr'><strong>nou</strong></span> <span class='ocrx_word' id='word_1_44' title='bbox 664 1467 727 1534; x_wconf 88' lang='lat' dir='ltr'><strong>nisi</strong></span> <span class='ocrx_word' id='word_1_45' title='bbox 753 1475 779 1533; x_wconf 87' lang='lat' dir='ltr'><strong>a&#39;</strong></span> <span class='ocrx_word' id='word_1_46' title='bbox 802 1465 976 1556; x_wconf 86' lang='lat' dir='ltr'><strong>superficie</strong></span> <span class='ocrx_word' id='word_1_47' title='bbox 1002 1467 1181 1554; x_wconf 83' lang='lat' dir='ltr'><strong>congelari.</strong></span> 
     </span>
     <span class='ocr_line' id='line_1_8' title="bbox 214 1621 1184 1714; baseline -0.005 -21"><span class='ocrx_word' id='word_1_48' title='bbox 214 1626 298 1693; x_wconf 86' lang='lat' dir='ltr'><strong>Nam</strong></span> <span class='ocrx_word' id='word_1_49' title='bbox 329 1647 391 1714; x_wconf 90' lang='lat' dir='ltr'><strong>per</strong></span> <span class='ocrx_word' id='word_1_50' title='bbox 417 1624 549 1692; x_wconf 82' lang='lat' dir='ltr'><strong>hiemen</strong></span> <span class='ocrx_word' id='word_1_51' title='bbox 582 1633 721 1690; x_wconf 87' lang='lat' dir='ltr'><strong>stratum</strong></span> <span class='ocrx_word' id='word_1_52' title='bbox 749 1643 938 1710; x_wconf 88' lang='lat' dir='ltr'><strong>supremum</strong></span> <span class='ocrx_word' id='word_1_53' title='bbox 972 1621 1184 1710; x_wconf 79' lang='lat' dir='ltr'><strong>refrigeratur</strong></span> 
     </span>
     <span class='ocr_line' id='line_1_9' title="bbox 215 1751 1185 1868; baseline 0 -22"><span class='ocrx_word' id='word_1_54' title='bbox 215 1782 345 1847; x_wconf 91' lang='lat' dir='ltr'><strong>duabus</strong></span> <span class='ocrx_word' id='word_1_55' title='bbox 371 1781 496 1859; x_wconf 83' lang='lat' dir='ltr'><strong>causis,</strong></span> <span class='ocrx_word' id='word_1_56' title='bbox 527 1751 688 1846; x_wconf 85' lang='lat' dir='ltr'><strong>contactu</strong></span> <span class='ocrx_word' id='word_1_57' title='bbox 712 1780 795 1846; x_wconf 78' lang='lat' dir='ltr'><strong>ae&#39;ris</strong></span> <span class='ocrx_word' id='word_1_58' title='bbox 814 1779 926 1868; x_wconf 82' lang='lat' dir='ltr'><strong>frigidi</strong></span> <span class='ocrx_word' id='word_1_59' title='bbox 945 1789 979 1848; x_wconf 88' lang='lat' dir='ltr'><strong>et</strong></span> <span class='ocrx_word' id='word_1_60' title='bbox 998 1779 1185 1847; x_wconf 86' lang='lat' dir='ltr'><strong>radiatione</strong></span> 
     </span>
     <span class='ocr_line' id='line_1_10' title="bbox 214 1935 1188 2024; baseline -0.001 -22"><span class='ocrx_word' id='word_1_61' title='bbox 214 1937 395 2024; x_wconf 90' lang='lat' dir='ltr'><strong>praecipue</strong></span> <span class='ocrx_word' id='word_1_62' title='bbox 428 1937 613 2003; x_wconf 89' lang='lat' dir='ltr'><strong>radiatione</strong></span> <span class='ocrx_word' id='word_1_63' title='bbox 640 1946 818 2003; x_wconf 83' lang='lat' dir='ltr'><strong>nocturna.</strong></span> <span class='ocrx_word' id='word_1_64' title='bbox 873 1935 985 2002; x_wconf 83' lang='lat' dir='ltr'><strong>Strato</strong></span> <span class='ocrx_word' id='word_1_65' title='bbox 1005 1935 1072 2002; x_wconf 87' lang='lat' dir='ltr'><strong>hoe</strong></span> <span class='ocrx_word' id='word_1_66' title='bbox 1092 1935 1188 2002; x_wconf 90' lang='lat' dir='ltr'><strong>refri-</strong></span> 
     </span>
     <span class='ocr_line' id='line_1_11' title="bbox 215 2079 1229 2180; baseline -0.002 -22"><span class='ocrx_word' id='word_1_67' title='bbox 215 2100 331 2180; x_wconf 87' lang='lat' dir='ltr'><strong>gerato</strong></span> <span class='ocrx_word' id='word_1_68' title='bbox 351 2079 575 2170; x_wconf 86' lang='lat' dir='ltr'><strong>contrabitur,</strong></span> <span class='ocrx_word' id='word_1_69' title='bbox 594 2100 626 2158; x_wconf 89' lang='lat' dir='ltr'><strong>et</strong></span> <span class='ocrx_word' id='word_1_70' title='bbox 644 2092 773 2158; x_wconf 87' lang='lat' dir='ltr'><strong>obtinet</strong></span> <span class='ocrx_word' id='word_1_71' title='bbox 793 2091 956 2180; x_wconf 89' lang='lat' dir='ltr'><strong>majorem</strong></span> <span class='ocrx_word' id='word_1_72' title='bbox 973 2090 1185 2171; x_wconf 80' lang='lat' dir='ltr'><strong>densitatem,</strong></span> <span class='ocrx_word' id='word_1_73' title='bbox 1225 2106 1229 2114; x_wconf 87' lang='lat'>·</span> 
     </span>
     <span class='ocr_line' id='line_1_12' title="bbox 215 2248 1187 2337; baseline 0 -23"><span class='ocrx_word' id='word_1_74' title='bbox 215 2269 285 2336; x_wconf 89' lang='lat' dir='ltr'><strong>quo</strong></span> <span class='ocrx_word' id='word_1_75' title='bbox 312 2248 403 2316; x_wconf 90' lang='lat' dir='ltr'><strong>eadit</strong></span> <span class='ocrx_word' id='word_1_76' title='bbox 426 2269 531 2337; x_wconf 86' lang='lat' dir='ltr'><strong>parva</strong></span> <span class='ocrx_word' id='word_1_77' title='bbox 553 2249 801 2336; x_wconf 85' lang='lat' dir='ltr'><strong>profunditate,</strong></span> <span class='ocrx_word' id='word_1_78' title='bbox 833 2248 1001 2318; x_wconf 87' lang='lat' dir='ltr'><strong>adstrata</strong></span> <span class='ocrx_word' id='word_1_79' title='bbox 1024 2249 1187 2316; x_wconf 88' lang='lat' dir='ltr'><strong>calidiora</strong></span> 
     </span>
     <span class='ocr_line' id='line_1_13' title="bbox 216 2405 1187 2494; baseline 0 -24"><span class='ocrx_word' id='word_1_80' title='bbox 216 2426 303 2493; x_wconf 88' lang='lat' dir='ltr'><strong>quae</strong></span> <span class='ocrx_word' id='word_1_81' title='bbox 328 2415 404 2472; x_wconf 86' lang='lat' dir='ltr'><strong>sunt</strong></span> <span class='ocrx_word' id='word_1_82' title='bbox 429 2405 662 2494; x_wconf 90' lang='lat' dir='ltr'><strong>infra-posita,</strong></span> <span class='ocrx_word' id='word_1_83' title='bbox 698 2405 898 2494; x_wconf 86' lang='lat' dir='ltr'><strong>quibuscum</strong></span> <span class='ocrx_word' id='word_1_84' title='bbox 924 2407 1092 2474; x_wconf 84' lang='lat' dir='ltr'><strong>miscetur.</strong></span> <span class='ocrx_word' id='word_1_85' title='bbox 1145 2405 1187 2470; x_wconf 87' lang='lat' dir='ltr'><strong>In</strong></span> 
     </span>
     <span class='ocr_line' id='line_1_14' title="bbox 109 2543 1187 2652; baseline -0.003 -24"><span class='ocrx_word' id='word_1_86' title='bbox 109 2569 114 2576; x_wconf 82' lang='grc'><strong>“</strong></span> <span class='ocrx_word' id='word_1_87' title='bbox 216 2563 328 2629; x_wconf 88' lang='lat' dir='ltr'><strong>lecum</strong></span> <span class='ocrx_word' id='word_1_88' title='bbox 354 2563 486 2628; x_wconf 87' lang='lat' dir='ltr'><strong>alterius</strong></span> <span class='ocrx_word' id='word_1_89' title='bbox 510 2563 600 2629; x_wconf 77' lang='lat' dir='ltr'><strong>venit</strong></span> <span class='ocrx_word' id='word_1_90' title='bbox 624 2563 781 2641; x_wconf 87' lang='lat' dir='ltr'><strong>alterum,</strong></span> <span class='ocrx_word' id='word_1_91' title='bbox 815 2562 911 2652; x_wconf 89' lang='lat' dir='ltr'><strong>qued</strong></span> <span class='ocrx_word' id='word_1_92' title='bbox 932 2564 1032 2630; x_wconf 90' lang='lat' dir='ltr'><strong>etiam</strong></span> <span class='ocrx_word' id='word_1_93' title='bbox 1052 2543 1187 2650; x_wconf 82' lang='lat' dir='ltr'><strong>refrige-</strong></span> 
     </span>
     <span class='ocr_line' id='line_1_15' title="bbox 217 2713 1187 2806; baseline 0 -22"><span class='ocrx_word' id='word_1_94' title='bbox 217 2728 328 2797; x_wconf 84' lang='lat' dir='ltr'><strong>ratur,</strong></span> <span class='ocrx_word' id='word_1_95' title='bbox 360 2718 469 2800; x_wconf 82' lang='lat' dir='ltr'><strong>eadit3</strong></span> <span class='ocrx_word' id='word_1_96' title='bbox 499 2713 657 2784; x_wconf 83' lang='lat' dir='ltr'><strong>ethecae</strong></span> <span class='ocrx_word' id='word_1_97' title='bbox 677 2718 780 2784; x_wconf 89' lang='lat' dir='ltr'><strong>modo</strong></span> <span class='ocrx_word' id='word_1_98' title='bbox 797 2719 910 2784; x_wconf 89' lang='lat' dir='ltr'><strong>omnia</strong></span> <span class='ocrx_word' id='word_1_99' title='bbox 929 2729 1031 2788; x_wconf 88' lang='lat' dir='ltr'><strong>strata</strong></span> <span class='ocrx_word' id='word_1_100' title='bbox 1050 2717 1187 2806; x_wconf 83' lang='lat' dir='ltr'><strong>refrige-</strong></span> 
     </span>
     <span class='ocr_line' id='line_1_16' title="bbox 217 2873 1186 2961; baseline 0 -23"><span class='ocrx_word' id='word_1_101' title='bbox 217 2883 344 2939; x_wconf 89' lang='lat' dir='ltr'><strong>rantur.</strong></span> <span class='ocrx_word' id='word_1_102' title='bbox 389 2874 473 2940; x_wconf 86' lang='lat' dir='ltr'><strong>Nam</strong></span> <span class='ocrx_word' id='word_1_103' title='bbox 494 2893 592 2940; x_wconf 91' lang='lat' dir='ltr'><strong>omne</strong></span> <span class='ocrx_word' id='word_1_104' title='bbox 613 2873 796 2940; x_wconf 87' lang='lat' dir='ltr'><strong>calorieum</strong></span> <span class='ocrx_word' id='word_1_105' title='bbox 815 2873 1001 2961; x_wconf 80' lang='lat' dir='ltr'><strong>superficiei</strong></span> <span class='ocrx_word' id='word_1_106' title='bbox 1018 2873 1186 2960; x_wconf 88' lang='lat' dir='ltr'><strong>perditur,</strong></span> 
     </span>
     <span class='ocr_line' id='line_1_17' title="bbox 219 3026 1188 3120; baseline -0.001 -23"><span class='ocrx_word' id='word_1_107' title='bbox 219 3031 329 3098; x_wconf 88' lang='lat' dir='ltr'><strong>donee</strong></span> <span class='ocrx_word' id='word_1_108' title='bbox 340 3030 468 3119; x_wconf 87' lang='lat' dir='ltr'><strong>singula</strong></span> <span class='ocrx_word' id='word_1_109' title='bbox 482 3040 585 3098; x_wconf 90' lang='lat' dir='ltr'><strong>strata</strong></span> <span class='ocrx_word' id='word_1_110' title='bbox 602 3030 749 3120; x_wconf 81' lang='lat' dir='ltr'><strong>gaudent</strong></span> <span class='ocrx_word' id='word_1_111' title='bbox 764 3039 987 3118; x_wconf 85' lang='lat' dir='ltr'><strong>temperatura</strong></span> <span class='ocrx_word' id='word_1_112' title='bbox 1001 3026 1120 3108; x_wconf 81' lang='lat' dir='ltr'><strong>-t-lr⁰,l</strong></span> <span class='ocrx_word' id='word_1_113' title='bbox 1130 3029 1188 3108; x_wconf 71' lang='grc'><strong>(1.,</strong></span> 
     </span>
     <span class='ocr_line' id='line_1_18' title="bbox 218 3163 1191 3276; baseline -0.004 -22"><span class='ocrx_word' id='word_1_114' title='bbox 218 3188 362 3254; x_wconf 86' lang='lat' dir='ltr'><strong>maximo</strong></span> <span class='ocrx_word' id='word_1_115' title='bbox 384 3186 571 3267; x_wconf 85' lang='lat' dir='ltr'><strong>densitatis,</strong></span> <span class='ocrx_word' id='word_1_116' title='bbox 602 3187 740 3276; x_wconf 88' lang='lat' dir='ltr'><strong>quaudo</strong></span> <span class='ocrx_word' id='word_1_117' title='bbox 764 3163 952 3274; x_wconf 76' lang='lat' dir='ltr'><strong>supremum</strong></span> <span class='ocrx_word' id='word_1_118' title='bbox 976 3195 1133 3265; x_wconf 88' lang='lat' dir='ltr'><strong>stratum,</strong></span> <span class='ocrx_word' id='word_1_119' title='bbox 1164 3186 1191 3250; x_wconf 92' lang='lat' dir='ltr'><strong>si</strong></span> 
     </span>
     <span class='ocr_line' id='line_1_19' title="bbox 218 3344 1192 3434; baseline -0.004 -23"><span class='ocrx_word' id='word_1_120' title='bbox 218 3347 368 3434; x_wconf 88' lang='lat' dir='ltr'><strong>frigidius</strong></span> <span class='ocrx_word' id='word_1_121' title='bbox 391 3345 520 3424; x_wconf 86' lang='lat' dir='ltr'><strong>evadit,</strong></span> <span class='ocrx_word' id='word_1_122' title='bbox 545 3345 645 3411; x_wconf 89' lang='lat' dir='ltr'><strong>etiam</strong></span> <span class='ocrx_word' id='word_1_123' title='bbox 667 3345 769 3412; x_wconf 83' lang='lat' dir='ltr'><strong>levius</strong></span> <span class='ocrx_word' id='word_1_124' title='bbox 791 3344 918 3424; x_wconf 87' lang='lat' dir='ltr'><strong>evadit,</strong></span> <span class='ocrx_word' id='word_1_125' title='bbox 944 3355 977 3410; x_wconf 92' lang='lat' dir='ltr'><strong>et</strong></span> <span class='ocrx_word' id='word_1_126' title='bbox 996 3363 1065 3410; x_wconf 91' lang='lat' dir='ltr'><strong>non</strong></span> <span class='ocrx_word' id='word_1_127' title='bbox 1083 3351 1192 3429; x_wconf 82' lang='lat' dir='ltr'><strong>potest</strong></span> 
     </span>
     <span class='ocr_line' id='line_1_20' title="bbox 221 3500 1191 3591; baseline -0.003 -23"><span class='ocrx_word' id='word_1_128' title='bbox 221 3503 352 3570; x_wconf 86' lang='lat' dir='ltr'><strong>eadere.</strong></span> <span class='ocrx_word' id='word_1_129' title='bbox 390 3502 531 3590; x_wconf 87' lang='lat' dir='ltr'><strong>Propter</strong></span> <span class='ocrx_word' id='word_1_130' title='bbox 546 3523 700 3591; x_wconf 83' lang='lat' dir='ltr'><strong>magnam</strong></span> <span class='ocrx_word' id='word_1_131' title='bbox 716 3502 977 3591; x_wconf 81' lang='lat' dir='ltr'><strong>profunditatem</strong></span> <span class='ocrx_word' id='word_1_132' title='bbox 996 3511 1029 3568; x_wconf 92' lang='lat' dir='ltr'><strong>et</strong></span> <span class='ocrx_word' id='word_1_133' title='bbox 1048 3500 1191 3567; x_wconf 86' lang='lat' dir='ltr'><strong>debilem</strong></span> 
     </span>
     <span class='ocr_line' id='line_1_21' title="bbox 225 3657 1192 3754; baseline 0.002 -32"><span class='ocrx_word' id='word_1_134' title='bbox 225 3659 545 3726; x_wconf 86' lang='lat' dir='ltr'><strong>conductibilitatem</strong></span> <span class='ocrx_word' id='word_1_135' title='bbox 578 3679 704 3748; x_wconf 89' lang='lat' dir='ltr'><strong>aquae,</strong></span> <span class='ocrx_word' id='word_1_136' title='bbox 730 3659 804 3754; x_wconf 80' lang='lat' dir='ltr'><strong>jam</strong></span> <span class='ocrx_word' id='word_1_137' title='bbox 833 3657 1057 3747; x_wconf 86' lang='lat' dir='ltr'><strong>supra-posita</strong></span> <span class='ocrx_word' id='word_1_138' title='bbox 1089 3668 1192 3724; x_wconf 84' lang='lat' dir='ltr'><strong>strata</strong></span> 
     </span>
     <span class='ocr_line' id='line_1_22' title="bbox 224 3813 1191 3902; baseline 0 -24"><span class='ocrx_word' id='word_1_139' title='bbox 224 3814 392 3902; x_wconf 88' lang='lat' dir='ltr'><strong>congelari</strong></span> <span class='ocrx_word' id='word_1_140' title='bbox 420 3815 601 3902; x_wconf 82' lang='lat' dir='ltr'><strong>incipiunt,</strong></span> <span class='ocrx_word' id='word_1_141' title='bbox 644 3833 721 3882; x_wconf 83' lang='lat' dir='ltr'><strong>eum</strong></span> <span class='ocrx_word' id='word_1_142' title='bbox 750 3825 853 3882; x_wconf 88' lang='lat' dir='ltr'><strong>strata</strong></span> <span class='ocrx_word' id='word_1_143' title='bbox 880 3813 1093 3902; x_wconf 87' lang='lat' dir='ltr'><strong>infra-posita</strong></span> <span class='ocrx_word' id='word_1_144' title='bbox 1121 3835 1191 3878; x_wconf 89' lang='lat' dir='ltr'><strong>ma-</strong></span> 
     </span>
    </p>
   </div>
   <div class='ocr_carea' id='block_1_6' title="bbox 222 3970 1192 4062">
    <p class='ocr_par' dir='ltr' id='par_1_6' title="bbox 222 3970 1192 4062">
     <span class='ocr_line' id='line_1_23' title="bbox 222 3970 1192 4062; baseline -0.002 -26"><span class='ocrx_word' id='word_1_145' title='bbox 222 3979 302 4037; x_wconf 88' lang='lat' dir='ltr'><strong>nent</strong></span> <span class='ocrx_word' id='word_1_146' title='bbox 319 3980 541 4058; x_wconf 89' lang='lat' dir='ltr'><strong>temperatura</strong></span> <span class='ocrx_word' id='word_1_147' title='bbox 557 3973 719 4042; x_wconf 84' lang='lat' dir='ltr'><strong>maximae</strong></span> <span class='ocrx_word' id='word_1_148' title='bbox 739 3971 918 4042; x_wconf 85' lang='lat' dir='ltr'><strong>densitatis.</strong></span> <span class='ocrx_word' id='word_1_149' title='bbox 963 3970 1192 4062; x_wconf 84' lang='lat' dir='ltr'><strong>Experimenta</strong></span> 
     </span>
    </p>
   </div>
   <div class='ocr_carea' id='block_1_7' title="bbox 0 0 1469 4968">
    <p class='ocr_par' dir='ltr' id='par_1_7' title="bbox 0 0 1469 4968">
     <span class='ocr_line' id='line_1_24' title="bbox 0 0 1469 4968; baseline 0 0"><span class='ocrx_word' id='word_1_150' title='bbox 0 0 1469 4968; x_wconf 95' lang='lat' dir='ltr'><strong> </strong></span> 
     </span>
    </p>
   </div>
  </div>
 </body>
</html>
