2912 4968
320 673 436 738 mentis
456 668 612 737 ostendit.
651 667 712 733 llle
731 676 845 732 narrat
862 666 977 733 vidisse
994 687 1028 732 se
1054 639 1191 755 glaciem
1210 669 1279 734 lor-

317 838 440 892 matam
466 827 502 892 in
519 846 626 894 vacuo
648 845 842 904 unsaraim
875 843 961 910 quae
990 833 1111 890 statum
1141 826 1281 890 solidum

263 1030 265 1034 ψ
315 984 487 1061 servabat,
522 992 742 1068 temperatura
764 980 917 1050 ÷12⁰C.
937 981 970 1046 in
999 981 1150 1046 aedicula
1178 992 1279 1068 atque

315 1161 434 1230 vacuo:
473 1139 590 1203 Postea
611 1147 675 1204 tres
695 1157 768 1202 eam
785 1138 854 1202 dies
870 1137 1022 1202 mansisse
1038 1136 1105 1203 hoc
1122 1138 1157 1201 in
1174 1146 1280 1214 statu,

316 1293 446 1358 admitti
469 1298 595 1371 aerem,
628 1304 661 1358 et
691 1293 792 1358 unico
813 1293 880 1359 fere
899 1303 1065 1359 momento
1085 1303 1190 1358 totam
1209 1293 1280 1380 gla-

316 1449 401 1515 ciem
420 1448 624 1535 disparuisse.

359 1597 507 1663 Servatio
538 1605 640 1660 status
675 1595 864 1673 soliditatis,
908 1595 1073 1682 dependet
1102 1617 1122 1659 a
1150 1595 1277 1683 glacie,

314 1773 402 1840 quae
428 1750 587 1816 continuo
614 1762 790 1836 evaporat;
823 1751 881 1817 sed
905 1752 1090 1837 permansio
1115 1761 1279 1838 tempera-

315 1916 409 1970 turae
439 1916 508 1971 tam
541 1906 680 1993 maguae
712 1906 748 1970 in
779 1927 885 1973 vacuo
921 1906 1142 1982 demonstrat,
1175 1928 1280 1994 vapo-

313 2083 384 2128 rem
419 2061 537 2150 glaeiei
572 2071 698 2128 tantam
740 2062 872 2147 copiam
889 2069 891 2074 '
907 2063 1044 2128 calorici
1079 2063 1196 2150 glaciei
1221 2063 1280 2128 de-

316 2238 461 2294 sumere,
493 2227 530 2281 ut
557 2238 689 2282 neccsse
717 2217 776 2294 sit,
815 2226 852 2282 ut
881 2227 1048 2284 conservet
1075 2216 1168 2284 *hanc
1199 2238 1279 2283 ean-

315 2371 391 2435 dem
414 2381 678 2457 temperaturam.
730 2371 860 2437 Glacies
887 2393 976 2438 nunc
1001 2372 1100 2438 debet
1128 2374 1295 2460 accipere.

315 2525 395 2590 loris
432 2525 633 2604 caloricum,
666 2548 748 2614 quo
787 2549 914 2615 semper
952 2539 1060 2616 potest
1098 2531 1279 2597 caloricum

193 2759 196 2763 ,
315 2676 431 2766 vapori
478 2681 648 2760 desistere,
700 2703 777 2749 nam
816 2694 1035 2772 temperatura
1079 2708 1205 2773 semper
1242 2687 1280 2752 0ο

317 2837 450 2926 gaudet.

269 3067 274 3078 Α
357 2993 449 3060 Sicut
482 2995 675 3081 corporibus
712 2996 899 3074 calefactis,
944 2998 1037 3062 calor
1067 2997 1196 3078 radiat,
1230 2999 1277 3066 sic

314 3148 414 3215 etiam
439 3149 547 3215 radiat
573 3149 674 3237 frigus
694 3151 799 3238 glacie
827 3161 859 3216 et
881 3151 954 3216 aliis
971 3155 1164 3240 corporibus
1187 3155 1277 3242 frigi·

315 3304 376 3370 dis
430 3304 502 3368 Hoc
532 3313 640 3390 potest
671 3305 905 3384 demonstrari,
948 3311 1110 3394 ponendis
1147 3309 1277 3374 duobus

313 3459 453 3546 speculis
474 3459 627 3526 concavis
645 3462 816 3528 metallicis
834 3464 972 3530 alterum
1002 3475 1092 3530 certa
1119 3463 1276 3530 distantia

314 3612 371 3680 ab
388 3616 511 3694 altero;
535 3625 568 3680 et
597 3615 632 3680 in
655 3615 733 3682 loco
762 3617 893 3684 alterius
919 3619 1043 3706 speculi
1061 3619 1292 3706 fragmentum

316 3767 452 3856 glaciei,
495 3781 528 3836 et
565 3770 601 3836 in
639 3772 716 3838 loco
753 3775 886 3840 atterius
921 3776 1045 3862 speculi
1082 3775 1277 3841 thermome·

316 3934 401 3989 trum
424 3925 598 4011 ponend03
630 3939 700 3995 tum
717 3930 897 3998 ridebimus
919 3931 1184 4008 thermometrum
1203 3933 1275 4000 des·

1434 3749 1435 3862 l

1434 4347 1435 4434 l

1418 4637 1435 4734 l
