2912 4968
652 439 691 504 61

199 676 254 736 air
271 664 440 737 ditioribus
455 665 622 755 subjectus
636 677 684 732 est
701 665 949 746 mutationibus,
973 689 1074 754 quam
1082 669 1152 756 gla-

194 822 272 887 cies.
290 871 294 880 .
316 821 417 886 llulta
437 819 523 884 enim
538 819 633 906 plura
646 818 803 904 ‚exempla
824 818 942 884 adsunt
958 839 1153 904 permaneu-

193 977 235 1041 tis
262 977 390 1064 frigoris
414 975 578 1062 glacialis,
603 985 770 1061 tempore,
794 997 863 1063 quo
880 981 1010 1042 airenm
1026 977 1078 1042 vel
1093 977 1153 1040 im·

193 1135 354 1198 minutum
372 1133 423 1198 vel
446 1143 580 1197 auctum
601 1132 682 1210 fuit,
707 1152 808 1219 quam
826 1133 913 1198 airai
931 1133 1058 1221 frigoris
1076 1154 1153 1219 per·

192 1288 370 1365 manentis,
395 1287 474 1350 dum
495 1288 634 1374 glaciale
656 1297 818 1352 mutatum
839 1287 911 1352 fuit.

234 1443 280 1508 5⁰.
302 1443 405 1508 Datur
422 1443 495 1507 talis
510 1453 578 1507 tam
597 1443 678 1508 aeris
696 1463 797 1529 quam
813 1442 937 1528 glaciei.
949 1451 1069 1520 status,
1094 1447 1154 1531 qui

194 1619 215 1662 a
239 1617 337 1664 causa
361 1619 448 1685 quae
471 1597 573 1685 lrigus
593 1598 769 1684 producit,
800 1599 888 1664 affici
906 1600 1039 1687 nequit;
1064 1601 1150 1666 aliis·

177 1775 257 1841 ⁴que
271 1755 338 1840 'qui
353 1774 416 1818 nec
438 1774 458 1818 a
477 1773 576 1818 causa
595 1754 724 1840 frigoris
745 1754 922 1830 efficiente,
946 1776 1008 1820 nec
1029 1776 1048 1820 a
1070 1777 1150 1822 cau-

189 1930 225 2002 sa
248 1909 414 1976 contraria
436 1909 524 1975 affici
545 1918 662 1995 potest.

232 2063 479 2136 Observationes
508 2065 696 2132 recentioris
726 2067 880 2152 temporis
909 2065 991 2132 haec
1024 2066 1146 2132 confir-

188 2232 367 2310 maverunt;
395 2231 428 2287 et
458 2223 550 2288 simul
578 2223 761 2288 docuerunt
789 2244 911 2312 aquam
935 2223 988 2289 vel
1009 2223 1149 2310 glaciem

189 2397 314 2463 semper
349 2377 475 2464 majore
506 2388 724 2464 temperatura
756 2378 919 2466 gaudere,
959 2400 1061 2468 quam
1091 2386 1148 2444 air

187 2531 473 2619 atmosphaericus.

230 2689 375 2754 Tandem
407 2686 570 2775 agendum
604 2697 651 2752 est
681 2687 722 2752 de
756 2687 981 2774 phaenomena
1012 2690 1144 2756 notabi-

185 2843 227 2921 li,
261 2843 303 2908 de
328 2843 561 2929 evaporatione
586 2843 713 2930 glaciei.
766 2843 843 2908 Post
872 2864 1007 2908 rmrrun
1022 2844 1146 2930 primus

185 2999 247 3064 fuit
280 3020 402 3064 novans
435 2998 484 3087 (1)
522 2999 581 3086 qui
615 2998 816 3076 observavit,
858 2999 997 3086 glaciem
1026 3019 1144 3088 quam·

183 3154 231 3222 vis
255 3163 356 3220 status
376 3165 423 3220 est
442 3155 581 3232 solidus,
612 3154 709 3220 etiam
731 3174 926 3241 evaporare;
950 3157 1043 3244 quod
1062 3178 1144 3222 oon·

184 3309 350 3374 firmatum
369 3319 416 3374 est
434 3329 453 3373 a
471 3331 647 3376 sanrnaauo
668 3319 700 3375 et
717 3331 896 3376 naarorro.
926 3312 1144 3378 Giarraorvos

176 3465 345 3530 conclusit
374 3465 599 3552 experimentis
624 3466 777 3532 institutis
801 3467 906 3532 hieme
935 3467 1036 3545 1709,
1074 3489 1144 3532 non

185 3621 290 3686 solum
316 3620 455 3708 glaciem
476 3642 674 3707 evaporare,
698 3623 755 3688 sed
772 3621 857 3690 hanc
877 3625 1143 3711 evaporationem

210 3947 251 4016 (l)
272 3951 344 4002 conl.
360 3965 451 4012 sorra,
471 3951 503 4001 de
521 3950 718 4016 ltmospltosria
736 3955 1102 4018 corporum-emtumtom.
