2912 4968
694 453 856 518 tensas,

753 659 793 726 V.

339 839 444 904 necte
473 859 536 902 vnn
569 858 676 901 nonen
709 857 879 902 nannoni:
936 835 1046 901 »Inest
1069 839 1259 922 praesertim

295 994 427 1062 ‚studio
457 993 688 1059 Mathematieo
712 996 793 1076 mira
820 997 867 1060 vis
892 1003 924 1058 et
947 993 1088 1058 facultas
1105 993 1148 1058 ad
1163 993 1258 1081 judi-

294 1149 404 1216 »eium
436 1149 640 1227 acuendum,
670 1149 904 1245 ingeniumque
931 1149 975 1213 ad
994 1149 1256 1236 simplieitatem,

293 1326 402 1390 »quae
420 1305 565 1370 veritatis
585 1325 694 1370 comes
716 1315 779 1381 est,
806 1305 971 1392 eleganter
989 1304 1259 1370 addnoendnmst’

749 1547 806 1614 vt.

334 1769 425 1834 Licet
449 1770 617 1856 ingeniosa
651 1773 691 1834 sit
715 1771 770 1834 illa
791 1791 963 1851 assensn,
988 1772 1030 1837 de
1048 1783 1122 1837 ortu
1140 1773 1255 1858 plane·
1320 1753 1322 1756 Ι

289 1936 396 2014 tarum
423 1927 557 2004 Vestae,
594 1927 747 2004 Junonis,
780 1927 923 1992 Palladis
943 1937 975 1992 et
999 1929 1140 2008 Cereris,
1172 1952 1254 1996 eon-

199 2157 202 2168 y
286 2081 439 2166 jactura,
471 2103 539 2169 qua
558 2080 657 2148 hosce
682 2093 828 2169 quatuor
847 2084 1014 2167 planetas,
1039 2106 1079 2148 ex
1095 2105 1163 2149 uno
1178 2087 1251 2171 pla·
1370 2147 1379 2164 ,

289 2245 367 2299 neta
390 2236 587 2321 principali,
619 2235 802 2303 vehementi
819 2237 949 2304 interna
972 2240 1101 2306 actione
1119 2241 1252 2306 diffrae«

290 2399 343 2465 to,
379 2399 469 2453 ortos
499 2411 565 2454 esse
592 2394 793 2479 suspicatur,
824 2396 962 2460 eandem
987 2405 1097 2460 tamen
1120 2396 1250 2479 minime

291 2565 357 2608 esse
379 2523 618 2612 admittendam
640 2551 879 2616 contendimus.

732 2791 806 2859 VII.

215 3041 219 3049 ·
331 3015 448 3080 Omnia
473 3017 713 3100 experimenta,
744 3036 830 3102 quae
853 3019 965 3084 avitis
984 3019 1091 3084 doctis
1107 3031 1181 3086 sunt
1197 3023 1250 3086 inq.

291 3172 418 3248 stituta,
443 3191 511 3235 non
527 3181 706 3259 potuerunt
726 3173 854 3238 efficere
873 3175 974 3254 ittud;
1003 3186 1039 3240 ut
1058 3198 1126 3262 quo
1145 3179 1247 3242 modo

288 3327 326 3390 sit
348 3327 395 3392 vis
413 3325 617 3404 definienda,
641 3328 724 3393 bene
746 3331 956 3418 intelligatur.

724 3571 813 3638 v111.

325 3791 463 3857 Funetio
483 3795 700 3880 generationis
716 3796 750 3860 in
766 3819 868 3885 regno
886 3802 1059 3887 organico,
1084 3801 1243 3876 individui

284 3952 487 4042 generantis,
509 3954 741 4020 mortalitatem
763 3955 897 4045 probat.
