2912 4968
677 453 717 527 1'7

251 691 354 758 Nobis
372 688 638 778 congelationem
658 707 765 777 aquae
787 685 1045 774 explicantibus,
1068 691 1175 776 primo

204 847 391 922 'videndum
413 844 506 926 .erit;
534 843 707 932 quomodo
729 841 812 910 haec
831 844 910 923 liat,
934 865 1039 932 quum
1055 863 1178 932 aquam

209 1003 246 1066 in
262 1002 348 1069 vasis
364 1000 479 1090 frigori
497 1000 709 1087 exponimus,
732 1010 766 1066 et
781 999 929 1066 seeundo
946 999 990 1066 de
1005 998 1177 1064 formatio-

211 1175 255 1222 ne
275 1155 394 1246 glaciei
413 1155 450 1222 in
469 1155 679 1236 fluminibus,
702 1155 842 1223 lacubus
863 1165 897 1221 et
917 1154 1074 1224 maribus.

255 1312 398 1396 Quando
420 1331 509 1400 aqua
530 1311 719 1400 quaeratis
737 1311 926 1380 continetur
942 1312 1058 1400 frigori
1076 1331 1179 1400 expo·

210 1467 319 1550 nitur3
350 1477 409 1534 aut
443 1467 574 1552 subito,
614 1477 673 1534 aut
701 1468 790 1533 lente
821 1466 991 1554 congelari
1020 1467 1179 1553 incipiet,

210 1623 306 1712 quod
333 1622 502 1711 dependet
525 1644 597 1691 non
621 1624 728 1689 solum
755 1622 799 1688 ab
822 1622 1009 1688 intensitste
1031 1621 1180 1710 trigoris,

163 1817 165 1822 ·
211 1780 271 1846 sed
299 1779 401 1846 etiam
440 1799 461 1844 a
500 1779 637 1860 materie
670 1789 704 1846 et
731 1788 852 1846 natura
881 1799 1046 1846 vasorum.
1099 1779 1183 1844 Nam

211 1935 382 2022 quantitas
410 1935 548 2002 colonici
575 1935 725 2015 latentis,
758 1935 853 2024 quod
877 1935 1076 2002 fluiditatem
1100 1952 1182 2000 con-

211 2091 335 2170 stituit,
359 2111 400 2157 co
419 2091 549 2157 facilius
566 2090 727 2158 liberatur
743 2112 814 2179 quo
831 2090 988 2158 intensius
1003 2090 1047 2158 sit
1063 2089 1182 2178 frigus,

109 2287 113 2295 ,
209 2246 290 2334 quia
314 2259 425 2335 aquae·
445 2248 629 2314 celorinum
650 2257 721 2317 tum
742 2246 839 2314 citius
855 2247 1043 2335 impertitur
1061 2267 1184 2335 corpo·

209 2401 299 2470 ribus
335 2403 562 2492 frigidioribus
599 2395 836 2486 ambientibus,
872 2403 919 2470 ad
949 2403 1183 2494 aequilibrium

213 2559 441 2640 efficiendum,
465 2561 561 2648 quod
581 2533 763 2630 caloricum
782 2582 911 2650 semper
926 2562 1057 2630 efficere
1077 2582 1182 2630 cona·-

211 2725 266 2781 tur
283 2715 347 2804 (l).
380 2716 475 2798 Quae
492 2737 596 2804 porro
615 2717 658 2782 de
674 2728 795 2784 natura
810 2738 964 2786 vasorum
977 2719 1070 2785 dicta
1088 2729 1182 2796 sunt,

211 2869 302 2938 bisce
325 2871 537 2959 intelligimus
560 2822 933 2960 facultatem—majorem
953 2873 1007 2940 vel
1021 2872 1182 2938 minorem

213 3047 283 3114 qua
309 3027 490 3094 caloricttm
518 3026 729 3094 conducitur.
780 3028 864 3092 llam
886 3041 987 3094 causa
1009 3027 1183 3094 soliditatis

214 3182 312 3250 unice
337 3183 478 3250 debetur
496 3183 707 3250 diminutioni
726 3183 864 3249 calorici
882 3193 916 3250 et
932 3183 1105 3272 speciatim
1123 3203 1181 3250 ca·

212 3339 308 3407 lorici
327 3338 476 3427 absorpti
487 3388 503 3442 ,Ι
521 3340 615 3429 quod
637 3342 681 3406 ad
699 3350 820 3406 statum
839 3341 1037 3430 liquiditatis
1057 3351 1106 3408 est
1122 3363 1189 3408 ne··

217 3497 410 3576 cessarium,
448 3508 485 3563 ut
512 3519 557 3576 ex⁸
583 3497 795 3586 sequentibus
818 3497 1021 3582 videbimus3
1064 3498 1181 3566 exinde

161 3675 169 3690 ¹
214 3655 361 3741 sequitur
385 3633 651 3743 congelationem
678 3677 729 3742 eo·
743 3655 842 3722 citios
867 3657 979 3724 locum
995 3655 1182 3724 habituram

212 3862 565 3879 Μ

241 3978 283 4048 (l)
302 3982 376 4038 deal.
395 3999 416 4038 c.
429 4001 450 4040 t.
462 4000 599 4051 roorttar,
621 3974 703 4042 [lita.
723 3987 756 4042 ds
774 3987 855 4057 Phys.
874 3992 944 4054 etc,
965 3989 1034 4044 Tem.
1048 3989 1070 4042 l.
1089 3989 1149 4040 Pers
1161 3983 1185 4037 l.

982 4131 985 4134 ’
1052 4125 1073 4188 2
