2912 4968
686 493 732 563 23

223 723 292 814 gitti
324 725 467 813 primum
496 723 697 810 relrigescit,
735 733 847 790 manet
878 742 938 789 suo
973 726 1070 802 luco,
1110 727 1191 812 quia

220 901 311 970 aqua
336 881 455 969 puncti
480 878 604 961 ÷t⁰,t
620 882 655 948 C·
677 889 792 970 perget
811 895 846 946 aa
864 879 1004 948 dilatare
1021 896 1126 968 usque
1145 881 1190 946 ad

220 1035 263 1102 0ο
286 1037 344 1116 (L,
378 1039 471 1126 quod
504 1048 666 1125 punctum
695 1037 920 1124 supraposita
937 1037 1091 1124 xprimum
1119 1057 1191 1102 om·

220 1193 312 1258 nium
335 1195 530 1282 acquirunt,
563 1203 598 1260 et
615 1193 694 1260 hine
712 1195 856 1280 primum
873 1203 1042 1260 trameant
1061 1195 1106 1262 ad
1123 1204 1189 1260 sta-

221 1359 291 1416 tum
310 1349 493 1416 soliditatis.

264 1506 369 1573 Causa
396 1507 571 1594 explicita,
606 1521 674 1592 qua
701 1505 737 1570 in
764 1521 882 1592 gauere
906 1520 994 1593 aqua
1012 1457 1089 1572 vaae
1108 1523 1190 1571 con-

219 1669 312 1728 tenta
331 1671 554 1749 temperatura
567 1661 654 1726 infra
669 1662 792 1770 ΗΘΛ
805 1660 859 1740 6.,
886 1661 1093 1750 asuporlicie
1108 1678 1190 1728 con·

219 1818 322 1906 galeri
340 1817 502 1904 incipiat,
527 1825 559 1884 at
579 1835 668 1906 aqua
688 1837 763 1885 ruse
785 1827 942 1884 contenta
968 1827 1189 1905 temperatura

220 1991 319 2061 mpra
342 1969 465 2051 ÷t0,l
481 1973 516 2042 G.
548 1973 731 2062 (momento
748 1987 885 2062 nempe,
918 1953 1057 2062 quando
1077 1973 1192 2062 frigori
1274 2069 1283 2076 Α

221 2129 408 2222 exponitur)
437 2153 457 2197 a
482 2132 589 2198 irmdo
614 2133 784 2220 congelari
803 2132 958 2218 incipiat,
984 2132 1193 2196 ostendemus

219 2303 280 2352 cur
307 2303 417 2376 aquae
440 2306 517 2356 rasa
535 2297 712 2354 contentae
732 2288 922 2376 congelatio
941 2305 1069 2374 semper
1090 2307 1113 2351 a·
1129 2305 1192 2374 pa-

217 2443 371 2523 rietibus,
406 2445 474 2512 sire
498 2463 521 2510 a
546 2445 738 2533 superficie,
771 2445 837 2512 sive
869 2437 1039 2523 alunelo,
1061 2445 1191 2510 initium

219 2600 333 2667 iaciat.
380 2599 481 2688 Cujus
497 2603 545 2667 rei
563 2600 647 2668 haec
667 2621 767 2668 causa
787 2613 854 2668 cst:
878 2617 966 2690 aqua
985 2602 1032 2667 ibi
1051 2609 1190 2668 contae-

217 2765 254 2820 tu
280 2757 364 2820 airis
381 2751 500 2856 lrigicli
520 2757 556 2822 in
572 2775 669 2835 vase,
694 2757 785 2844 prius
807 2776 901 2823 suum
916 2755 1099 2824 anunm
1113 2777 1190 2844 per-

218 2908 298 2975 dere
317 2879 437 2990 debet,
462 2919 495 2976 et
517 2911 690 2999 acquirere
712 2921 969 3000 temperaturam
989 2911 1031 2978 0ο
1046 2911 1085 2977 C.
1194 2999 1199 3007 Ι

226 3091 228 3098 ’
263 3065 476 3154 Quamquam
493 3085 582 3154 aqua
601 3067 705 3156 magis
722 3067 830 3133 subita
848 3077 906 3132 aut
926 3069 1014 3135 lente
1033 3069 1191 3157 congela-

217 3221 285 3302 bit,
310 3217 492 3288 mundum
507 3233 661 3290 naturam
676 3239 847 3304 rasurum,
871 3225 993 3314 quibua
1002 3227 1196 3326 continetur

217 3387 251 3444 et
271 3377 388 3467 frigori
404 3381 599 3466 exponitur3
624 3388 734 3447 tamen
752 3383 878 3448 nullam
899 3382 984 3450 haec
1001 3385 1067 3451 vim
1087 3379 1192 3448 habeo
1256 3391 1265 3406 '

218 3533 286 3612 bit,
320 3535 356 3600 iu
381 3536 519 3603 modum
548 3559 617 3625 quo
643 3540 805 3628 congelat.
857 3541 1052 3630 Congelatio
1081 3549 1191 3607 tamen

219 3689 332 3756 locum
352 3689 488 3760 habebit
511 3697 618 3782 spatio
638 3697 794 3784 temporis
812 3698 950 3777 minori,
975 3697 1113 3785 quando
1132 3718 1193 3766 ra-

219 3847 261 3914 sis
285 3835 458 3916 metallicis
489 3852 696 3932 continetur,
720 3853 800 3942 quia
821 3855 954 3954 metalla
977 3855 1094 3943 optimi
1114 3865 1190 3922 sunt

221 4005 444 4074 conductores
463 4008 617 4086 calorici,
643 4029 745 4097 quam
764 4011 790 4076 si
806 4010 890 4080 vasis
903 4011 1013 4080 vitreis
1027 4021 1061 4078 et
1077 4010 1192 4098 ligneis
