2912 4968
672 573 681 580 n
722 478 766 540 62

272 727 379 777 raouo
395 704 570 794 producta.
615 704 670 771 Eat
688 705 790 770 antlia
807 707 1047 793 pneumatica,
1068 708 1151 773 inlra
1168 729 1226 774 cu·

267 865 324 954 jus
343 863 554 950 recipientem
572 862 707 948 ponitur
723 883 779 929 ras
795 863 954 949 repletum
976 862 1075 930 acido
1098 862 1228 950 sulphu-

273 1022 363 1100 rioo,
396 1030 428 1086 et
452 1019 563 1106 phiala
589 1019 691 1085 vitrea
720 1019 772 1084 rel
801 1028 955 1105 argentea
980 1021 1107 1105 repleta
1133 1039 1232 1106 aqua.

273 1175 416 1260 Quando
436 1179 492 1237 atr
514 1170 719 1250 exhauritur,
752 1171 897 1257 repletur
924 1171 1066 1257 spatium
1091 1192 1234 1238 vacuum

265 1328 447 1416 'vaporibus
466 1327 618 1415 aquosis,
650 1346 737 1414 quae
756 1347 832 1390 mor
852 1326 1012 1391 tolluntur
1040 1327 1140 1392 acido
1166 1328 1231 1392 sul·

269 1484 432 1573 phurim,
467 1494 500 1550 et
518 1482 685 1569 absorptio
708 1503 867 1568 vaporum
884 1447 1061 1568 aqosorum
1078 1491 1146 1547 tam
1164 1482 1232 1548 cito

270 1642 412 1707 efficitur
430 1638 472 1704 ab
497 1639 612 1717 acido,
646 1649 683 1703 ut
701 1659 814 1704 earum
838 1638 1010 1717 formatio,
1043 1658 1111 1726 quo
1132 1658 1230 1724 expe·

266 1796 406 1860 rimento
425 1813 530 1881 aqua,
556 1793 650 1880 quod
667 1794 703 1858 in
718 1815 875 1880 vaporem
893 1794 1027 1873 transit,
1052 1802 1145 1858 tanta
1171 1813 1230 1857 oo-

267 1951 325 2038 pia
351 1949 489 2016 caloriei
515 1949 609 2036 quod
634 1949 669 2012 iu
690 1969 780 2036 aqua
808 1951 981 2028 remansit,
1004 1949 1171 2036 privatur,
1194 1956 1232 2012 ut

269 2126 358 2193 aqua
377 2114 448 2206 tota
464 2105 500 2170 in
518 2104 658 2192 glaciem
683 2112 835 2168 mutetur.
880 2102 1123 2168 Formationem
1152 2101 1231 2168 cris·

268 2260 444 2336 tallorum,
477 2258 675 2344 experientia
704 2255 836 2333 docuit,
874 2276 976 2344 quam
1006 2257 1145 2321 maxime
1175 2277 1233 2322 ao·

269 2413 425 2491 celerari,
456 2412 484 2476 si
503 2431 592 2500 aqua
609 2412 645 2476 in
661 2409 773 2496 phiala
791 2431 810 2476 e
826 2409 948 2477 lrirolis
975 2410 1100 2497 porosis
1120 2411 1228 2488 lacta,

269 2589 367 2656 supra
392 2568 526 2654 acidum
553 2565 777 2654 sulphuricum
803 2577 850 2632 est
875 2566 1001 2654 posita;
1032 2575 1064 2634 et
1089 2566 1116 2631 si
1132 2533 1231 2632 antea

269 2745 358 2814 aqua
387 2724 577 2790 ebullitione
604 2723 742 2789 liberata
768 2733 816 2788 ast
839 2721 981 2788 maximl
1009 2722 1093 2789 atris
1116 2721 1232 2809 copia,

267 2893 300 2948 er
328 2883 364 2948 tn
388 2879 512 2969 tageno
539 2881 657 2947 clausis
686 2890 735 2946 eu
760 2845 961 2967 notgerus.
1017 2878 1115 2944 unns
1147 2877 1230 2945 rara

269 3059 378 3104 arsura
406 3036 566 3116 ostendit,
600 3037 698 3101 etiam
729 3035 847 3114 eodem
874 3033 1030 3110 oonsilio,
1070 3020 1229 3119 prospero

241 3174 243 3179 ’
270 3205 388 3264 eventu
405 3197 501 3280 posse
517 3191 599 3258 sumi
617 3193 694 3258 loeo
712 3191 800 3256 acidi
816 3188 1013 3276 sulphurici,
1044 3188 1233 3255 faravenam

271 3351 393 3416 to'rtam
421 3349 474 3416 rel
504 3348 672 3416 necatam.
725 3347 836 3412 llaeoe
862 3343 1015 3410 maehina
1045 3343 1234 3408 obtinentur

270 3525 337 3570 una
354 3504 439 3572 hora
454 3526 509 3572 sex
525 3503 675 3592 pondera
697 3501 825 3588 glaciei.

316 3659 423 3723 Etiam
442 3661 545 3726 altera
560 3657 714 3726 maehina
734 3657 792 3746 fig.
807 3658 839 3726 7.
859 3665 978 3734 exstat,
1001 3653 1171 3719 nominata
1191 3651 1234 3718 ah

274 3816 442 3882 inventore
458 3834 677 3882 worrasroro
692 3834 918 3883 moruorum
932 3809 999 3902 (l),
1022 3809 1160 3877 lundata
1179 3808 1233 3875 iis·

304 4003 344 4074 (l)
363 4005 436 4058 conl.
455 4005 527 4058 rtet.
550 4007 781 4060 renumerata.
