2912 4968
28 3393 43 3424 φ

639 483 675 548 li

180 716 294 802 frigori
320 735 506 800 exponere,
538 715 590 780 vel
617 714 727 800 potius
746 733 870 799 ponere
888 714 926 800 iu
939 713 1072 778 miscela
1089 713 1149 778 sri-

178 871 318 960 gorificu
341 881 379 936 ut
405 889 595 937 unicornus
619 869 719 950 fecit3
752 880 785 936 et
812 869 982 934 attendere
1002 869 1150 934 utnulla

181 1013 282 1093 causa
310 1029 451 1115 agitetur
474 1040 583 1116 aqua,
613 1047 692 1092 nom
720 1024 903 1094 videbimus
930 1024 1150 1112 incap.11‚

184 1183 362 1270 agitatione
382 1185 493 1250 statim
515 1183 695 1272 congelari.
1161 1145 1164 1152 ⁶

223 1340 335 1430 Frigus
371 1341 466 1428 quod
500 1341 641 1408 vidimus
673 1339 785 1416 nasci,
828 1339 967 1424 quando
1002 1307 1087 1402 sales
1114 1339 1151 1403 in

180 1516 269 1582 aqua
294 1497 483 1574 solvuntur,
509 1497 610 1582 frigus
629 1494 802 1558 artificiale
821 1493 955 1557 dicitur.
999 1493 1151 1558 Produc-

180 1653 228 1718 tio
266 1653 396 1740 frigoris
433 1651 632 1728 artificialis,
674 1650 726 1716 vel
759 1649 914 1714 formatio
946 1649 1156 1714 miscelnrum

64 1857 69 1870 ,
179 1808 435 1895 frigorificarum
461 1808 539 1872 inde
566 1807 689 1884 oritur,
720 1805 799 1894 quia
818 1803 857 1871 in
883 1805 1078 1892 corporibus
1093 1818 1152 1872 co·

180 1965 238 2052 piu
263 1965 402 2032 calorici
427 1965 508 2030 solet
531 1961 653 2041 latere,
688 1964 834 2050 quaudo
846 1939 1049 2028 transeunte
1067 1973 1156 2027 statu

181 2121 326 2186 solido
315 2143 351 2185 rn
379 2120 520 2185 fluidum
548 2121 601 2232 rel
625 2141 665 2185 ex
684 2089 750 2236 irco
773 2087 861 2184 statu
880 2119 916 2184 in
934 2119 1156 2186 adriformenr..

180 2276 289 2344 Etiam
315 2279 343 2342 si
370 2279 454 2344 sales
480 2277 659 2344 miscentur
689 2299 765 2350 cum
787 2227 920 2364 glacie²
936 2277 1029 2356 nire,
1053 2277 1156 2344 acido

181 2433 390 2522 sulphurico,
416 2434 516 2499 acido
535 2434 657 2500 uitrico
674 2445 749 2500 cte.
765 2435 867 2522 frigus
884 2434 1058 2500 artificiale
1074 2455 1159 2500 nas·

183 2589 278 2656 citur.
334 2589 479 2672 Quando
516 2591 597 2654 sales
628 2590 761 2669 siccati,
776 2591 839 2656 ad
860 2593 1034 2718 pulverem
1062 2591 1161 2656 ducti

182 2757 275 2824 sunt,
308 2757 341 2810 et
361 2747 429 2811 cito
449 2747 627 2814 miscentur
648 2747 685 2810 in
701 2707 875 2825 mochina
900 2769 988 2834 quae
1008 2749 1160 2814 colorem.

183 2902 270 2966 male
297 2903 478 2980 conducit,
512 2901 614 2989 frigus
637 2902 839 2987 producitur
858 2903 985 2989 mejus3
1007 2905 1160 2988 quamsi

182 3058 266 3123 sales
295 3078 365 3122 nou
389 3069 463 3123 suut
486 3058 603 3124 siccati
623 3057 668 3122 ad
686 3058 853 3144 pulverem
870 3059 1017 3135 reducti,
1043 3069 1076 3123 ct
1094 3059 1159 3123 im-

179 3211 293 3298 primis
313 3212 340 3276 si
359 3212 537 3278 miscentur
555 3213 590 3280 in
616 3181 780 3280 machin'a'
791 3179 937 3302 calorem
950 3183 1157 3282 conducen-

187 3378 230 3435 te.
278 3369 353 3457 Quo
374 3369 484 3458 major
502 3371 618 3438 salium
640 3372 783 3440 affinitas
807 3381 1002 3460 cstoquuc,
1026 3373 1175 3458 preeunt·

185 3487 251 3610 pue
273 3526 423 3592 mixtioni
453 3547 529 3591 cum
554 3527 645 3606 nive,
683 3547 723 3593 eo
745 3529 848 3616 magis
872 3538 919 3593 est
943 3505 1045 3616 frigus
1064 3529 1161 3616 quod

184 3681 392 3766 producitur.
455 3684 730 3752 Fruuunnurrrus
771 3683 840 3772 (l)
869 3686 993 3773 prim'u's
1028 3687 1166 3772 videtur

196 3989 257 4107 p)
278 4021 351 4070 conf.
371 4019 445 4072 riu.
467 4021 606 4073 crasans.
624 4023 680 4074 ror.
701 4023 816 4075 xxxin.
