2912 4968
777 473 818 538 10

314 707 539 796 impediuntur
559 725 629 794 quo
649 703 755 768 minus
774 723 842 768 sese
861 703 1059 788 disponant,
1092 713 1129 768 nt
1155 697 1191 767 in
1215 714 1281 770 sta·

316 875 386 930 tum
403 863 577 930 soliditatis
591 861 727 928 transire
743 860 880 946 possint.
915 858 1020 925 Causa
1031 859 1178 947 trigoris,
1190 861 1285 946 quod,

313 1021 477 1098 nascitur,
506 1017 590 1083 hacc
614 1027 673 1082 cst.
718 1015 781 1082 Illa
803 1035 892 1104 aqna
914 1015 1046 1102 copiam
1067 1017 1205 1084 calorici
1223 1017 1282 1083 dat

315 1177 434 1257 acido;
462 1173 570 1262 majus
593 1175 646 1240 vel
670 1173 776 1238 minus
802 1172 904 1262 lrigus
929 1193 1019 1238 nunc
1045 1174 1210 1252 nascitur,
1242 1195 1282 1240 eo

315 1332 419 1399 modo
441 1342 482 1436 ut
506 1332 675 1421 capacitas
696 1329 834 1396 calorici
858 1330 894 1396 in
920 1330 1020 1396 acido
1045 1331 1120 1418 plus
1143 1331 1196 1399 vel
1221 1332 1282 1396 mi-

233 1561 236 1568 ,
314 1510 377 1556 nus
398 1489 441 1554 ab
462 1489 521 1554 illo
543 1489 578 1554 in
601 1509 689 1577 aqua
711 1487 853 1552 differat.

360 1647 466 1714 Causa
492 1645 752 1733 refrigerationis
786 1663 895 1732 aquae
925 1662 1030 1730 purae
1061 1643 1123 1708 sita
1154 1643 1284 1710 videtur

314 1823 403 1881 csse,
435 1803 471 1868 in
493 1803 564 1888 ipsa
590 1802 753 1888 puritate,
785 1810 818 1866 et
844 1799 956 1866 forsan
980 1801 1017 1865 in
1042 1801 1162 1876 minori
1185 1802 1284 1888 copia

317 1959 420 2036 atris,
444 1978 532 2046 quaa
552 1958 609 2024 illa
628 1978 716 2046 aqua
737 1957 943 2036 continetur,
972 1977 1052 2024 nam
1076 1977 1165 2046 aqua
1184 1979 1285 2045 pura·

315 2125 371 2181 tur
394 2115 624 2194 distillatione,
649 2135 717 2202 qua
740 2121 797 2180 aar
817 2115 1001 2200 expellitur.

361 2270 505 2352 Quando
531 2290 638 2358 aqua,
672 2270 708 2336 in
733 2291 801 2358 qua
827 2270 1016 2335 continetur
1040 2269 1161 2336 solutio
1188 2269 1282 2348 salis,

316 2426 353 2490 in
372 2425 513 2513 glaciem
534 2424 622 2504 abit,
653 2427 851 2514 praecipitat
874 2426 993 2509 salcm3
1025 2425 1091 2492 hoc
1113 2427 1212 2492 ctiam
1232 2426 1284 2492 lo-

317 2603 394 2648 cum
416 2581 517 2649 habet
539 2603 615 2648 cum
641 2583 746 2648 acidis
769 2583 821 2651 vel
845 2583 1085 2669 spiritualibus,
1119 2603 1221 2671 quam
1241 2581 1286 2649 ob

319 2761 389 2805 rem
414 2763 454 2806 ex
480 2739 569 2806 hisce
592 2739 779 2806 substantiis
798 2741 1028 2829 congelatione
1043 2741 1177 2828 partiali
1198 2761 1287 2828 aqua

318 2897 469 2984 pellitur,
501 2917 580 2962 nam
609 2898 743 2984 partiali
775 2899 1006 2986 congelatione
1037 2909 1166 2966 tantum
1197 2920 1286 2988 aqua

317 3055 474 3142 congelat
498 3053 560 3142 (l).

362 3210 398 3274 si
426 3231 517 3277 nunc
541 3213 691 3278 volumus
719 3231 842 3300 aquam
867 3211 1234 3284 inframuranea
1252 3213 1288 3278 in
1414 3197 1426 3224 ⁸

290 3375 406 3432 ¹statu
433 3366 649 3453 liquiditatis3
691 3367 846 3434 dehemus
879 3391 952 3435 cam
979 3371 1201 3456 purissimam,
1236 3371 1289 3436 vel
1417 3403 1425 3430 a

318 3522 454 3588 mixtam
483 3543 559 3588 cum
590 3521 689 3589 acido
715 3525 768 3591 vel
795 3525 862 3592 sale
882 3527 1049 3614 quodam,
1072 3527 1152 3593 loco
1172 3527 1287 3615 quieto

351 3906 391 3975 (l)
410 3911 483 3962 conl.
504 3928 528 3965 s.
547 3929 571 3964 ι.
589 3929 613 3966 v.
626 3931 650 3967 n.
670 3929 731 3966 coss
747 3927 836 3977 assos,
857 3915 947 3968 herb.
966 3915 1013 3966 der
1031 3911 1200 3966 saltitantis
1216 3929 1293 3975 aas„

411 4011 441 4059 tt.
462 4010 484 4060 l.
