2912 4968
683 487 704 551 ὅ

204 715 240 780 in
264 723 352 780 statu
379 714 575 801 plerumque
602 715 638 778 in
667 725 786 779 natura
817 717 983 795 occurrit,
1014 717 1049 784 in
1076 721 1174 808 copia

205 872 345 938 ealoriei
370 869 561 959 quaerenda
586 880 652 948 est,
677 891 764 958 quae
781 893 857 937 eum
876 874 1010 962 singulis
1026 877 1174 961 particu-¹

201 1027 243 1092 lis
264 1027 445 1116 conjuncta
465 1036 532 1106 est;
555 1035 592 1091 ut
611 1047 651 1092 ex
668 1029 818 1116 sequenti
835 1031 1060 1116 experimento
1078 1041 1174 1118 pate-

202 1181 264 1248 bit.
320 1181 474 1248 Sumatur
503 1203 607 1249 unum
634 1183 767 1271 pondus
795 1205 904 1272 aquae
932 1195 1175 1272 temperaturae

205 1345 244 1409 ÷
262 1340 324 1409 750
347 1339 400 1416 C..
434 1351 468 1405 et
499 1359 601 1406 unum
627 1340 760 1425 pondus
787 1341 906 1427 glaciei
932 1351 1174 1427 temperaturae

202 1495 245 1562 0⁰
264 1497 323 1578 C.;
346 1495 431 1562 haee
447 1497 663 1574 misceantur,
687 1505 764 1582 post
781 1516 913 1562 omnem
932 1497 1051 1584 glaciei
1072 1497 1174 1563 fusio-

201 1675 307 1732 nem,.
326 1635 521 1718 habebimus
542 1649 610 1718 duo
627 1650 777 1738 pondere
797 1671 907 1739 aquae
931 1661 1174 1740 temperaturae

202 1808 259 1876 0⁰.
305 1807 434 1874 Glaeies
448 1775 519 1871 fusa
539 1815 605 1883 est,
630 1806 688 1872 sed
706 1817 925 1894 temperatura
942 1808 1059 1874 eadem
1077 1829 1173 1874 man-

203 1965 264 2046 sit;
288 1982 377 2050 aqna
396 1963 506 2028 ualida
526 1968 564 2032 -Ι-
584 1963 646 2032 750
665 1963 703 2030 C.
723 1963 853 2052 liquida
873 1965 1015 2044 mansit,
1034 1965 1103 2031 ‘sed
1121 1986 1174 2030 re·

204 2123 370 2211 frigerata⁴
384 2131 432 2187 est
455 2141 561 2207 usque
585 2119 630 2184 ad
649 2129 906 2206 temperaturam
921 2121 1051 2209 glaciei.
1097 2121 1174 2187 Gla·

202 2278 269 2345 cies
283 2298 381 2344 omne
399 2275 581 2342 ealorieum
597 2274 785 2354 absorbuit,
810 2277 904 2363 quod
920 2277 1052 2362 pondus
1066 2297 1175 2364 aquae

202 2435 366 2524 perdidit,
391 2443 424 2499 et
440 2454 510 2522 quo
529 2431 601 2496 fure
619 2441 666 2498 est
682 2441 715 2498 et
734 2433 910 2520 inaquam
929 2453 1087 2500 conversa
1109 2432 1177 2521 (l).'

204 2590 295 2656 tttud
322 2589 504 2655 celorinum
531 2586 723 2672 absorptum
750 2587 873 2652 dieitur
896 2588 1021 2666 latens,
1037 2617 1041 2624 ·
1056 2599 1171 2654 cantra

203 2747 343 2816 liberum
361 2745 446 2810 illud
467 2743 563 2832 eujus
578 2743 713 2808 effectus
729 2743 867 2808 sentitur
889 2741 1123 2810 thermometro
1140 2754 1174 2810 et

206 2905 338 2994 organis
359 2901 489 2986 nestris.
535 2900 700 2984 Quoniam
722 2921 812 2966 nune
834 2901 976 2968 vidimus
994 2910 1115 2966 statum
1132 2901 1173 2966 ti-

206 3057 352 3150 quidum
379 3077 487 3146 aquae
511 3055 658 3144 pendere
687 3075 706 3120 a
734 3055 834 3142 eopia
862 3056 999 3121 celerini
1021 3057 1173 3136 latentis,

206 3237 309 3306 qnam
328 3213 495 3292 continet,
519 3212 614 3278 simul
640 3221 673 3278 et
692 3211 758 3278 hoe
778 3211 950 3292 discimus,
974 3222 1095 3280 statum
1112 3235 1174 3279 na·

207 3373 347 3438 turalem
373 3389 501 3466 aquae,
535 3368 572 3434 id
604 3377 653 3434 est
689 3368 783 3434 illum
812 3367 848 3433 in
874 3389 944 3456 quo
971 3379 1171 3449 versaretur,

208 3528 346 3616 quande
371 3525 462 3591 nulla
482 3523 634 3590 materies
655 3523 802 3591 ehemiee
821 3526 972 3592 eumilla
992 3527 1174 3615 conjuncta

237 3909 277 3980 (1)
295 3909 368 3961 conr.
387 3925 409 3960 e.
427 3926 449 3960 s.
468 3923 603 3970 rerum,
629 3897 752 3960 attere·
769 3909 802 3959 de
818 3909 952 3978 Ptqes'pue
968 3881 1175 3978 asperserant·

300 4010 374 4062 etde
390 4007 590 4074 Htttorotoqs'e,
609 4007 685 4062 some
702 4009 724 4062 t.
744 4008 828 4062 Partie
846 4010 870 4062 l.
