2912 4968
751 423 774 489 t

279 653 363 720 aicut
382 654 417 720 in
436 657 511 720 aere
530 650 795 740 atmosphaerico
816 651 1014 720 continetur.
1059 653 1164 720 Causa
1185 675 1248 721 cur

278 831 368 898 aqua
391 811 449 876 illa
467 809 665 900 gaaoiormia
688 819 870 896 perpetuo,
893 809 984 875 varia
1005 818 1116 876 tumen
1134 829 1244 898 quan·

276 968 380 1034 titatio
402 967 552 1044 ratione,
581 965 618 1030 in
634 970 708 1033 aere
725 963 988 1052 atmoaphaerico
1010 966 1247 1045 contineatur‚·

277 1121 361 1189 haec
379 1131 445 1203 θεῖς
467 1122 561 1211 quod
580 1142 669 1210 aqua
691 1142 819 1209 semper
834 1122 870 1188 iu
887 1121 1003 1210 quovis
1021 1122 1142 1188 caloris
1160 1131 1254 1188 tem-.

276 1279 368 1367 perio
386 1290 556 1366 evaporat.
601 1277 746 1362 Quando
769 1277 952 1344 ebullitioni
972 1277 1131 1356 traditur,
1156 1299 1245 1366 quac

277 1435 427 1502 ebullitio
456 1436 568 1502 locum
590 1415 709 1513 liabet,
738 1435 904 1523 pressione
926 1435 1010 1502 atria
1034 1433 1244 1522 atmosphae·

276 1595 339 1660 rici
363 1558 444 1674 55⁸6
471 1595 578 1682 gradu
609 1593 675 1662 100
700 1595 810 1662 reniae
835 1595 1060 1672 centenariae,
1084 1594 1120 1661 in
1139 1613 1245 1681 vapo-

277 1771 348 1819 rem
373 1750 509 1839 majoris
531 1751 686 1817 tenaionia
714 1753 927 1818 convertitur.
973 1753 1136 1822 volumen
1160 1751 1246 1816 illius

279 1928 387 1995 aquae
402 1908 438 1974 in
455 1927 612 1994 vaporem
629 1905 789 1972 redactae
807 1916 963 1994 augetur,
987 1907 1103 1972 millies
1117 1917 1150 1974 et
1170 1928 1255 1994 κερ-ν

279 2064 339 2132 tier
365 2064 498 2130 centies.
544 2063 579 2128 Si
604 2083 693 2151 aqua
711 2083 796 2151 pura
813 2073 880 2142 eat,
904 2084 1011 2150 vapor
1026 2063 1094 2129 nine
1111 2053 1244 2141 colore,
1283 2111 1293 2132 .

279 2220 402 2297 odore,
432 2229 547 2306 gustu,
579 2217 672 2284 haud
689 2218 842 2300 visibilia;
870 2219 992 2306 frigore
1011 2230 1121 2286 tumen
1136 2242 1248 2286 rursus

151 2466 156 2476 ἱ
278 2377 314 2442 in
338 2395 498 2462 vaporem
522 2373 698 2452 visibilem,
729 2374 808 2440 dein
825 2375 861 2440 in
877 2375 1042 2462 liquidum
1059 2387 1093 2460 et
1112 2377 1248 2442 tandem

279 2531 316 2596 in
340 2530 482 2596 solidum
506 2529 709 2610 concrescit3
739 2529 844 2598 levior
863 2541 911 2597 eat
930 2553 1031 2619 quam
1050 2537 1108 2598 ac‘r
1125 2542 1250 2598 atmon-

279 2685 471 2775 phaerioua‚
505 2696 537 2752 ct
567 2686 710 2774 gravitas
732 2686 888 2772 specifica
912 2687 1045 2766 0,6297.
1089 2688 1249 2754 Maximae

281 2843 485 2913 elaeticitntia
508 2852 557 2910 eat
583 2841 638 2910 hic
661 2863 783 2928 vapor,
806 2863 908 2930 quem
932 2843 977 2908 ad
995 2841 1165 2910 machinos
1189 2845 1249 2912 At-

283 3003 387 3070 micaa
408 2995 736 3088 (stom-machiner)
758 2997 938 3066 movendas
953 3007 1185 3066 converterunt
1198 3001 1250 3068 in-

282 3157 407 3248 geniosi
427 3155 582 3223 artifices.

329 3313 503 3382 Secundo:
534 3311 576 3376 In
590 3319 678 3379 rtatu
692 3309 837 3397 liquido,
862 3318 910 3382 est
925 3329 1014 3398 aqua
1032 3311 1160 3399 liquida
1176 3313 1251 3379 lirn-

283 3473 471 3562 pidiaaimu,
503 3467 720 3556 plurimorum
742 3486 921 3554 corporum
941 3466 1174 3534 solvendorum
1199 3469 1253 3534 sa·

286 3630 410 3696 cultate
441 3625 613 3713 praedita,
645 3632 767 3690 terram
800 3621 940 3688 fertilem
966 3621 1068 3701 tacit,
1101 3636 1255 3692 crescunt

286 3785 358 3873 ejus
383 3803 447 3869 ope
472 3779 644 3858 animalia,
680 3789 833 3845 crescunt
856 3777 1063 3868 regnantia,
1088 3791 1121 3846 et
1143 3782 1255 3868 plures

286 3941 421 4010 effectus
444 3936 613 4025 producit.
667 3935 772 4004 Causa
800 3935 996 4023 liquiditutis
1023 3956 1150 4024 aquae,
1183 3959 1253 4026 quo
