2912 4968
651 493 698 556 59

193 715 315 788 Eadem
328 718 458 784 ratione
475 717 628 782 crassitiei
643 718 761 805 glaciei
771 716 957 826 ¹secundum
977 739 1147 798 assason,

189 875 366 942 clasticitas
387 874 546 940 accrescit
567 875 619 942 vel
640 873 811 940 decrescit.

236 1030 362 1096 Glacies
378 1040 523 1098 tamena
544 1029 649 1095 londo
669 1029 810 1096 formate
829 1050 897 1096 non
917 1031 1038 1118 gaudet
1058 1031 1152 1098 duri.-

188 1185 233 1249 tie
261 1194 360 1272 atque
389 1185 593 1252 clastioitatc.
637 1185 726 1252 llaec
757 1187 878 1273 glacies
904 1197 952 1252 est
967 1187 1091 1276 fragilis
1115 1199 1165 1253 ct·

190 1340 380 1427 spongiosa,
404 1340 450 1407 ite
469 1351 506 1406 ut
523 1338 698 1430 nunrosss)
719 1341 809 1406 illem
826 1343 964 1426 glaciem
979 1337 1149 1428 comparet

191 1517 266 1560 cum
286 1517 362 1562 sura
382 1517 548 1562 ranarum.

232 1651 446 1718 Perluciditas
465 1651 582 1738 glaciei
598 1651 697 1738 vulgo
719 1659 765 1718 est
782 1651 890 1716 minor
906 1672 1007 1738 quam
1024 1667 1147 1738 aquae,

187 1808 366 1894 praecipue
399 1809 435 1874 in
467 1809 658 1894 superficie,
692 1809 786 1898 cujus
813 1828 917 1874 causa.
938 1817 1013 1878 sunt
1040 1807 1152 1874 bullae

190 1971 324 2042 ndreae,
372 1975 528 2050 rupturae
561 1985 683 2051 parvae
721 1986 862 2054 quorum
898 1985 1018 2052 magna
1054 1963 1151 2050 copie

188 2133 421 2207 praesenserit,
446 2132 478 2186 et
496 2122 663 2207 dispositio
681 2121 932 2208 particularum.¹
974 2121 1102 2188 Glacias
1117 2123 1153 2186 in

189 2276 334 2342 maribus
365 2277 671 2362 septentrionalibus
690 2279 806 2343 multo
839 2279 946 2342 minus
980 2279 1153 2365 perlucens

189 2442 252 2510 est,
277 2443 309 2498 et
326 2432 426 2498 habet
444 2435 589 2503 colorem
607 2433 742 2500 viridem
763 2435 815 2499 vel
834 2434 1022 2502 coeruleum
1038 2449 1149 2521 saepe.

188 2587 249 2652 llic
279 2589 375 2653 color
395 2589 582 2653 attribuitur
604 2590 709 2654 colori
730 2609 848 2675 aquae.
898 2589 1003 2658 Porro
1030 2590 1161 2676 glacies*

189 2741 307 2821 habet,
332 2753 369 2809 ut
394 2763 483 2830 aqua
506 2765 544 2808 er
562 2763 630 2829 qua
652 2753 722 2808 orta
742 2755 812 2827 est,
834 2745 960 2808 nullum
978 2746 1149 2830 proprium
1235 2805 1238 2811 .

188 2908 316 2985 putum
337 2910 371 2966 et
391 2901 539 2970 odorem.

230 3054 401 3121 Relractio
430 3057 565 3144 glaciei,
598 3056 778 3122 secundum
805 3073 1069 3132 consuranorum,
1102 3065 1150 3120 est

175 3209 306 3288 ·l‚lll⁰‚
331 3233 408 3278 oum
426 3223 473 3278 est
490 3214 546 3278 illa
568 3231 675 3299 aquae
694 3211 792 3289 teas
811 3221 844 3277 et
864 3212 921 3276 ills
939 3211 1036 3278 vacui
1052 3209 1146 3291 1,00;

188 3385 266 3452 ergo
291 3367 402 3431 minor
426 3388 526 3453 quarn
551 3369 607 3432 illa
635 3389 759 3456 aquae,
794 3368 888 3456 quod
915 3388 1069 3434 esaruros
1097 3366 1156 3454 (2)Ι

183 3521 256 3607 jum
284 3521 436 3588 ostendit.
489 3523 617 3590 Glacies
641 3525 773 3591 minino
798 3515 1045 3590 electricitateui
1068 3492 1148 3587 oon·

215 3808 253 3876 ll)
273 3811 345 3862 Cous.
365 3809 502 3864 Acumen
523 3829 576 3877 por
598 3813 655 3864 l'oss
676 3815 761 3875 5833.
787 3828 839 3879 por
857 3815 882 3864 te
905 3815 1004 3864 bureau
1023 3815 1069 3864 dos
1089 3813 1146 3864 lou·

277 3910 389 3973 pilades.

214 4004 255 4073 ll)
272 4007 345 4062 conl.
365 4009 434 4062 list.
454 4018 481 4062 et
496 4014 576 4064 mim,
591 4013 623 4064 ds
640 4011 760 4076 ilerd,
781 4014 848 4065 tons.
869 4014 898 4063 ll.

781 4198 1124 4362 'essessa
