2912 4968
734 475 779 542 at

276 714 490 808 contimtum*
516 727 603 796 quae
628 706 759 796 pejores
787 705 1008 774 conductores
1035 715 1120 773 sunt.
1171 707 1243 774 llao

271 871 361 936 mala
390 863 678 935 conductibilitate
702 863 835 930 illorum
862 869 1016 930 vasorum
1036 871 1095 930 aut
1115 863 1242 952 ligneo-

272 1045 364 1101 rum,
397 1029 456 1087 aut
486 1019 666 1086 vitreorum
700 1027 734 1084 et
760 1017 862 1104 ipsius
889 1037 1017 1106 aquae,
1048 1039 1150 1086 causa
1180 1018 1241 1084 sita

271 1188 337 1257 ost,
357 1199 423 1244 ear
439 1175 554 1242 intima
575 1195 652 1262 pars
671 1194 780 1262 aquae
796 1172 847 1240 his
861 1173 946 1240 vasis
967 1174 1239 1263 comprehensae,

270 1353 339 1398 non
368 1333 521 1420 congelat
546 1331 610 1398 nisi
637 1330 761 1418 frigore
786 1327 970 1398 vehementi
996 1339 1057 1398 aut
1077 1331 1104 1396 si
1126 1330 1241 1418 frigori

269 1511 331 1576 per
351 1489 488 1576 longum
508 1497 638 1576 tempus
659 1496 855 1574 exponatur.

314 1645 426 1710 Altera
455 1663 545 1732 aqua
569 1644 661 1730 prius
691 1665 794 1731 quam
817 1643 921 1709 altera
948 1642 1122 1730 congelat,
1161 1641 1240 1730 quia

270 1819 367 1886 saepe
386 1808 494 1864 certas
511 1799 667 1866 materias
685 1800 875 1877 continent,
906 1819 994 1887 quae
1017 1799 1239 1887 congelationi

268 1953 413 2022 obstant.
436 1971 440 1980 ’
467 1955 524 2021 Sic
559 1977 592 2022 a.
620 1976 654 2044 g.
689 1954 735 2021 ad
770 1964 892 2021 statum
922 1953 1096 2020 soliditatis
1124 1953 1239 2019 transit

269 2133 358 2200 aqua
376 2111 506 2177 marina
524 2119 746 2197 temperatura
765 2111 887 2200 gradus
910 2109 1140 2191 -10,67C.;
1162 2129 1241 2175 cum

267 2287 358 2353 aqua
387 2267 494 2332 duleis
527 2285 613 2352 pura
651 2267 821 2353 congelari
853 2266 972 2354 incipit
1001 2265 1110 2356 gradu
1136 2264 1178 2332 0⁰
1199 2264 1237 2332 C.

267 2420 374 2510 Hujus
393 2419 443 2489 rei
462 2419 547 2488 haec
571 2428 620 2486 est
641 2439 758 2502 causa3
787 2420 882 2508 quod
905 2441 994 2508 aqua
1012 2419 1141 2486 marina
1160 2421 1245 2488 sales
1322 2500 1326 2506 ⁸

267 2580 439 2658 continet,
461 2599 549 2666 quae
568 2581 772 2668 proprietate
792 2580 956 2668 gandent,
981 2601 1105 2669 aquam
1120 2601 1240 2672 quam

267 2755 371 2824 quam
396 2734 549 2824 frigidior
578 2737 710 2816 evadit,
746 2739 782 2814 in
816 2747 905 2804 statu
933 2737 1130 2826 liquiditatis
1159 2739 1239 2805 reti-

268 2891 381 2959 nendi.

308 3047 511 3136 Postquam,
527 3069 607 3134 ‘pro
632 3047 773 3128 viribus,
803 3049 946 3136 explicui
965 3050 1139 3138 quomodo
1155 3071 1238 3118 con-

264 3204 387 3291 gelatio
407 3225 534 3292 aquae,
564 3205 649 3273 vasis
667 3215 863 3284 contentae,
893 3205 1006 3272 locum
1022 3159 1165 3288 habeat3
1188 3207 1238 3274 vi·

266 3358 416 3426 dabimus
440 3360 483 3425 de
506 3379 616 3450 aquae
639 3361 869 3450 congelatione
890 3362 925 3430 in
943 3362 1155 3438 fluminibus,
1172 3363 1237 3428 la·

266 3513 372 3582 cubus
389 3523 424 3580 et
440 3516 537 3582 mari.

307 3645 416 3712 Hacrs
448 3645 497 3737 (1)
530 3648 606 3737 -jam
644 3648 847 3729 observavit,
891 3652 1031 3740 glaciem
1070 3652 1105 3718 in
1142 3655 1238 3742 aquis
1290 3647 1294 3659 ⁴

261 3809 628 3826 ,Ἣ

296 3904 335 3972 (l)
354 3905 427 3955 conl.
447 3918 536 3965 asara.
558 3907 681 3976 Statique
696 3909 740 3960 dea
757 3910 901 3975 stallano,
922 3909 1025 3962 tradait
1040 3909 1072 3961 de
1087 3907 1240 3976 Plagiaria,

354 4019 409 4078 par
426 4019 456 4056 nr
474 4007 591 4067 narrar(

1409 3188 1427 3222 0
