2912 4968
762 438 803 504 18

293 691 360 740 aare
397 691 467 759 quo
506 668 636 738 laoiliue
664 687 742 736 vara
769 666 952 736 calorioum
979 666 1210 757 eonduonntp
1227 678 1260 734 et

290 829 430 918 quando
447 827 571 900 utimur
585 824 669 896 varia
686 843 756 893 non
773 821 1054 900 conducentibus,
1080 845 1170 911 aqua
1189 845 1260 894 non

286 995 396 1072 potent
417 982 596 1070 congelari.

334 1143 408 1210 Jam
427 1147 504 1210 aute
522 1138 723 1216 monuimur.
749 1136 921 1226 quomodo
936 1137 1160 1224 experimento
1175 1158 1258 1208 aon·

290 1306 373 1374 etet,
407 1315 541 1368 oauaam
569 1294 765 1382 liquiditatia
784 1283 825 1364 ex
843 1294 1008 1382 praesenti
1027 1295 1182 1382 portione
1200 1315 1257 1362 ca-

290 1452 387 1522 loriei
405 1453 570 1540 pendam
593 1451 663 1541 ejus
681 1451 1111 1538 eontrariumexplioaturo
1129 1450 1259 1540 patebit

289 1577 528 1698 nongelationia
554 1629 689 1679 caueam
714 1630 785 1679 non
815 1609 881 1681 alio
909 1609 1125 1678 fundamento
1154 1629 1257 1696 quam

288 1765 426 1834 ealorici
445 1774 555 1837 oertae
573 1765 767 1853 quantitatis
784 1765 979 1836 liberatione
1001 1773 1258 1851 auperrtroctam

286 1941 365 1990 aare.
419 1920 574 1992 Sumatur
601 1920 733 2008 pendan
760 1941 863 1992 uuum
894 1940 1003 2008 aquae
1032 1929 1255 2008 temperatura

287 2079 462 2166 gaudentio
477 2075 519 2145 0⁰
538 2077 585 2156 C.
609 2078 704 2166 quod
722 2078 866 2147 addatur
887 2077 1020 2165 aequali
1038 2077 1157 2165 glaciei
1175 2097 1254 2164 por·

286 2233 390 2311 lieni,
414 2235 472 2304 aed
492 2244 714 2320 temperatura
739 2235 913 2322 gaudentia
932 2232 1048 2308 --75ο
1064 2234 1119 2316 C.;
1140 2234 1255 2304 tumis

285 2389 346 2458 erit
362 2389 498 2459 effeetua
516 2400 553 2458 ut
572 2399 644 2460 tota
663 2390 824 2469 mixtura.
847 2389 870 2459 i.
892 2412 921 2460 e.
944 2390 1014 2462 duo
1029 2391 1088 2461 illa
1103 2390 1253 2477 pondera

283 2543 503 2622 aolidesoant.
548 2564 729 2633 eorumque
770 2555 993 2634 temperatura
1038 2545 1081 2616 00
1123 2547 1253 2620 eradat.

283 2697 389 2780 Quod·
404 2699 530 2772 aailioet
547 2699 594 2770 ita
611 2700 845 2786 explicandum
862 2711 929 2774 eata
958 2701 995 2768 id
1016 2702 1111 2812 quod
1131 2701 1254 2790 glaoiaa

281 2865 372 2935 erat,
395 2824 618 2945 tetragami
633 2856 676 2925 ab
696 2825 785 2945 apua
804 2858 924 2940 affuaa3
947 2858 1044 2946 ouiue
1065 2859 1249 2946 quantitas,

278 3035 381 3102 quem
408 3016 558 3088 eoniuet
584 3015 722 3088 oaloriei
751 3016 902 3094 latentia,
930 3013 1034 3086 libera
1059 3013 1150 3090 laeta
1174 3037 1251 3086 oum

277 3170 385 3257 glacie
406 3171 576 3260 jungitur,
612 3171 751 3260 ejusque
776 3180 1033 3258 temperaturam
1055 3181 1176 3260 auget,
1200 3181 1251 3238 at-

275 3347 342 3414 que
364 3348 455 3416 aqua
470 3328 544 3414 ipaa
562 3349 653 3399 nuno
671 3349 792 3408 oauaa,
816 3349 905 3418 quae
921 3328 1144 3418 liquiditatem
1167 3347 1250 3396 eou-

274 3484 451 3584 atituebat,
474 3485 631 3556 dealitate
652 3485 688 3554 io
709 3447 851 3572 glaciem
870 3493 1028 3558 mutatur.

317 3637 438 3712 eane·
465 3641 534 3713 lere
557 3640 688 3728 Phyaioi
712 3663 788 3714 curn
809 3607 946 3721 rotaria,
969 3652 1040 3710 tum
1059 3641 1252 3710 reoentioris

274 3796 433 3880 temporie
472 3796 747 3876 observaverunt,
787 3799 925 3878 modum
958 3819 1027 3886 quo
1060 3799 1252 3887 congelatio

265 3951 345 4028 fiat,
379 3963 411 4019 et
435 3951 670 4038 phaenomena
687 3975 774 4042 quaa
797 3953 1121 4047 attenuationem
1142 3963 1245 4046 statua
