2912 4968
680 433 702 498 3

198 666 341 734 meteriis
364 665 541 754 inquinate
564 674 629 744 est3
653 665 753 730 etiam
775 663 810 730 in
829 666 945 751 queris
966 685 1054 754 nque
1072 677 1170 732 netu·

198 824 263 888 rali
292 829 349 888 eir
378 821 583 899 continetur,
615 821 804 908 etquidem
827 830 926 885 aucte
948 823 1100 908 oxygeuii
1117 843 1172 888 re·

196 981 310 1056 tione,
336 978 414 1066 quie
436 978 632 1066 oxygonium
653 971 784 1043 facilius
805 997 907 1065 quern
923 939 1060 1043 azoturn
1083 999 1172 1066 eque

197 1135 365 1221 recipitur.
418 1134 545 1201 Marino
568 1133 695 1200 hebens
721 1134 860 1200 odorem
882 1136 1119 1220 particularem
1138 1145 1171 1200 et

197 1303 325 1380 gustum
344 1311 493 1357 amarum
512 1302 545 1356 et
563 1293 700 1369 salsum,
721 1291 869 1356 continet
886 1301 1018 1376 praeter
1032 1291 1169 1357 chloru-

198 1458 304 1514 retum
340 1448 433 1514 Sodii
468 1447 583 1536 (selem
618 1445 814 1532 culinurem)
844 1446 977 1531 insuper
1004 1445 1171 1531 sulphntee

197 1606 370 1691 quendam.
420 1604 462 1669 In
490 1623 579 1690 aqua
606 1601 732 1668 fluviali
759 1601 857 1688 copie
887 1602 1002 1668 setium
1033 1602 1172 1690 quidem*

195 1760 305 1824 minor
332 1769 380 1825 eet
408 1780 510 1846 quarn
538 1759 574 1822 iu
602 1758 749 1838 marina;
780 1759 838 1824 sed
862 1768 979 1824 contra
1003 1779 1072 1824 non
1092 1781 1172 1826 raro

195 1915 359 2004 mojorem
396 1915 529 2004 copiam
564 1896 776 1982 materierunr
804 1897 1056 2003 organicum,
1092 1933 1170 1984 cum

197 2073 404 2149 aumatium,
447 2083 517 2138 turn
556 2072 781 2159 rogitabitium
810 2072 980 2152 continet3
1018 2072 1168 2158 ineque

195 2229 335 2296 senuna
368 2239 401 2296 et
425 2239 545 2315 putee,
575 2229 710 2294 acidum
738 2228 972 2308 cerbonicum,
1003 2226 1168 2316 hydroge-

195 2386 286 2454 nium
307 2383 536 2472 sulphureturn
562 2395 595 2450 et
618 2386 786 2472 quaedem
803 2385 929 2473 species
950 2395 1099 2452 terrenae
1117 2386 1170 2452 in·

196 2543 381 2608 veniuntur.

238 2698 345 2763 Etiam
362 2697 419 2762 ille
432 2697 560 2783 species
575 2714 682 2782 quae,
708 2715 747 2760 er
766 2713 857 2782 eque
871 2697 1026 2782 pluviali,
1048 2697 1170 2765 nicecii

196 2862 229 2918 ct
246 2853 372 2920 fluviali
394 2861 544 2928 constat,
567 2872 663 2938 aqua
681 2852 796 2916 molire
816 2851 955 2931 dicitur;
978 2871 1055 2916 curn
1072 2872 1170 2940 aqna

197 3012 290 3075 dero
313 3017 454 3075 venun
479 3008 535 3073 itta
555 3006 698 3094 species,
723 3025 813 3094 quee
833 3025 957 3094 equam
973 3006 1167 3084 fontanum,

197 3185 322 3252 aquarn
339 3173 491 3250 putenm,
521 3165 557 3228 in
577 3177 696 3251 genere
717 3163 830 3227 ornnes
853 3131 1025 3228 contineat
1043 3181 1173 3250 aquas,-

195 3321 318 3410 quibus
339 3340 461 3408 magna
484 3321 590 3406 copie,
605 3319 721 3385 salium
742 3319 836 3385 inest.
959 3365 962 3370 -
1072 3327 1075 3334 '

214 3477 375 3566 -Triplici
400 3499 496 3544 sensu
526 3498 616 3566 equa
640 3478 784 3565 spectari
800 3488 926 3565 potest;
955 3487 988 3543 et
1006 3490 1168 3566 quocum·

197 3653 265 3719 que
285 3635 320 3698 iu
337 3643 424 3700 rtetu
443 3635 534 3700 illem
553 3633 760 3712 concideres,
785 3653 980 3722 magnarum
995 3635 1031 3701 in
1048 3646 1168 3702 nutura

196 3789 430 3876 operationum
451 3791 579 3857 auctrix
602 3801 634 3856 et
656 3811 756 3857 ceusu
779 3792 912 3858 exsistit.

244 3946 374 4011 Primo:
410 3948 450 4011 ln
482 3957 568 4014 statu
589 3948 772 4026 atrisormi,
806 3959 842 4014 ut
865 3969 970 4036 vapor
995 3950 1165 4024 electione,

1016 4105 1059 4166 μ
