2912 4968
703 466 748 532 28

241 697 470 788 inaequalibus
496 697 671 773 instructa,
702 695 903 775 inferuntur;
935 713 1011 759 cum
1032 691 1211 782 praecipue

242 857 332 922 circa
355 853 438 922 haec
454 863 581 942 puncta
602 862 635 918 et
656 851 909 940 inaequalitates
929 837 1076 917 cristalla
1097 852 1211 918 oriun-

242 1022 305 1078 tur.
349 1011 523 1078 Praeterea
552 1029 651 1076 causa
680 1008 886 1076 formationis
913 1009 1032 1096 glaciei
1058 1030 1078 1074 a
1106 1009 1212 1075 fundo

241 1168 278 1234 in
302 1165 397 1256 aquis
422 1163 649 1253 stagnantibus
670 1173 703 1230 et
726 1163 917 1230 fluminibus
937 1165 1042 1230 etiam
1060 1163 1122 1230 sita
1142 1175 1209 1246 est3

242 1321 278 1386 in
296 1319 543 1409 refrigeratione
562 1339 671 1408 aquae
687 1319 798 1410 plures
815 1317 937 1408 gradus
946 1319 1130 1389 infra0⁰C.
1142 1321 1212 1387 sine

241 1477 489 1566 congelatione;
506 1477 630 1543 namin
643 1477 723 1563 ripis
749 1487 783 1543 et
792 1477 857 1542 illis
870 1477 952 1544 locis
968 1477 1026 1544 ubi
1041 1477 1216 1565 profundi·

245 1643 296 1699 tas
313 1653 383 1700 non
400 1642 449 1700 est
462 1655 602 1722 magna,
627 1643 734 1702 totum
751 1643 891 1701 stratum
907 1633 1072 1723 liquidum
1089 1633 1212 1722 partie·

243 1798 297 1853 tur
310 1786 416 1854 hacce
436 1789 704 1878 refrigeratione3
728 1775 873 1877 corpora
892 1789 1215 1856 solidafundietiam

243 1943 429 2030 partientur
448 1953 606 2013 contactu
624 1965 749 2034 aquae;
773 1955 806 2012 et
822 1967 928 2033 prope
945 1944 1089 2011 fundum
1104 1955 1213 2012 motus

244 2100 351 2166 minus
370 2102 459 2169 celer
477 2111 526 2168 est
545 2121 648 2190 quam
666 2103 702 2168 in
722 2101 913 2190 superficies
952 2101 1098 2168 Exinde
1118 2102 1215 2168 intel·
1253 2139 1256 2146 ,

243 2255 373 2342 ligimus
400 2258 666 2346 congelationem
691 2259 727 2324 in
747 2259 853 2325 fundo
873 2259 987 2326 locum
1009 2255 1151 2338 habere,
1181 2267 1214 2324 et

244 2409 380 2498 quidem
400 2411 492 2497 prius
512 2433 615 2502 quam
636 2414 671 2480 in
692 2415 878 2502 superficie.
903 2475 907 2486 .

286 2563 484 2655 Plerumque
509 2568 546 2636 in
569 2569 649 2656 ripis
678 2568 728 2660 (l)
757 2571 945 2660 congelatio
966 2572 1102 2661 incipit,
1132 2573 1213 2660 quia

242 2723 438 2812 plerumque
467 2746 557 2814 aqua
583 2725 623 2792 iis
646 2727 730 2793 locis
755 2747 825 2793 non
844 2747 966 2816 magna
985 2727 1214 2816 profunditate

244 2881 384 2970 gaudet,
408 2889 442 2947 et
457 2882 538 2969 quia
557 2883 665 2950 solum
681 2905 737 2950 eas
754 2885 861 2973 tangit
878 2894 1005 2973 partes,
1026 2905 1115 2974 quae
1132 2906 1216 2951 sem·

243 3059 305 3124 per
332 3049 390 3106 aut
418 3043 494 3106 aere
518 3049 578 3107 aut
602 3039 789 3107 radiatione
814 3041 1042 3130 refrigescunt.
1087 3025 1216 3112 Glacies

246 3214 334 3282 quae
357 3195 422 3262 illis
450 3195 611 3285 obtingit,
641 3197 853 3286 refrigeratur
873 3198 947 3266 vice
967 3219 1046 3278 sua,
1076 3209 1214 3286 propter

246 3371 381 3417 causam
405 3348 494 3418 hanc
516 3351 702 3438 duplicem,
732 3363 765 3419 et
785 3363 856 3420 tum
877 3355 1023 3422 evadunt
1043 3376 1150 3443 aeque
1172 3375 1212 3420 ac

246 3507 338 3593 ripae
356 3509 476 3594 ipsae„
495 3529 639 3596 corpora
659 3509 799 3598 frigida,
824 3531 913 3599 quae
932 3521 1068 3600 possunt
1090 3530 1214 3600 conge·

247 3664 352 3729 latum
370 3664 503 3732 efficere
522 3665 760 3755 quodcumque
781 3677 931 3757 tangunt.

254 3871 612 3891 m

276 3992 316 4062 (l)
336 3993 407 4048 Conf.
426 4010 538 4059 narrar,
561 3996 633 4051 Dias.
652 4013 699 4050 aar
716 3998 743 4050 lo
759 3998 840 4065 place.
