2912 4968
714 452 767 518 δᾶ

255 687 400 774 exceptis
435 681 616 758 littoribus,
662 679 719 746 ubi
756 675 965 766 profunditas
1002 680 1117 768 exigue
1154 689 1230 760 ests
1270 733 1273 738 .

258 844 315 910 ubi
340 862 511 930 possumus
538 859 681 927 ponere,
716 836 810 925 quod
836 837 936 902 unico
964 845 1094 902 tantum
1117 847 1222 904 strato

257 1000 352 1088 quasi
376 1006 522 1074 constet,
553 994 600 1060 ibi
618 993 718 1060 etiam
741 1013 761 1058 a
786 991 891 1058 fundo
915 992 1084 1080 congelari
1102 1001 1222 1080 potest.-

256 1155 417 1222 Distantia
443 1150 590 1240 quadam
619 1171 639 1216 a
664 1149 775 1215 littore
800 1148 899 1214 etiam
925 1147 1080 1214 formatio
1105 1148 1231 1235 glaciei

257 1310 392 1396 incipit;
423 1328 501 1372 nam
530 1304 692 1394 Seoresby
716 1313 831 1370 narrat
857 1303 986 1391 saepius
1010 1303 1127 1372 vidisse
1151 1304 1224 1390 gla-

258 1466 344 1532 ciem
365 1463 500 1529 formari
516 1461 672 1528 distantia
688 1459 735 1526 20
749 1460 926 1526 milliarum
944 1480 964 1524 a
984 1459 1105 1526 littore.
1145 1458 1224 1524 Post

258 1619 489 1686 formationem
522 1617 765 1682 filamentornm
783 1651 784 1656 =
799 1615 981 1702 primorum
1015 1613 1222 1703 glacialium,

260 1794 351 1840 mare
367 1792 440 1838 earn
459 1771 620 1838 induebat
634 1771 778 1858 speciem
794 1772 889 1859 quasi
909 1771 1018 1838 oleum
1036 1769 1097 1838 snb
1114 1791 1228 1858 auper-

132 1911 134 1922 '
261 1928 453 2018 fiuegittius
477 1947 652 2014 repansum
676 1935 769 1992 esset.
820 1924 861 1992 In
885 1924 969 1992 locis
989 1925 1053 1992 illis
1082 1924 1141 1992 ubi
1160 1924 1227 1992 boe

264 2083 449 2153 observavit
486 2083 664 2148 marimum
700 2081 870 2148 domitatis
905 2101 1014 2169 aquae
1045 2089 1093 2146 est
1123 2080 1236 2170 gradu

267 2238 381 2320 r„0ne;
406 2237 575 2324 congelari
595 2235 776 2323 incipiebat
797 2245 1019 2322 temperatura
1039 2234 1143 2304 -2⁰.

308 2392 542 2478 temperatura
563 2412 631 2478 qua
649 2391 830 2479 pleraeque
847 2410 974 2480 aquae,
1003 2392 1159 2496 flumina,
1184 2396 1234 2460 la·

264 2569 323 2614 cus
342 2557 375 2612 et
392 2545 497 2612 maria
515 2545 686 2632 congelari
703 2546 866 2633 incipiunt
883 2557 931 2613 est
947 2547 1136 2636 incognita3
1158 2569 1230 2616 sae-

264 2702 339 2790 pius
362 2701 550 2792 congelatio
574 2701 661 2766 inira
687 2721 764 2769 aero
790 2702 952 2790 graduum
976 2704 1089 2772 locum
1113 2703 1230 2786 habet,

270 2857 318 2923 sic
336 2879 368 2924 v.
388 2879 421 2946 g.
451 2857 605 2944 Sequana
626 2857 855 2946 congelescere
876 2857 994 2946 incipit
1012 2870 1242 2948 temperatura

270 3017 354 3084 ·-9ο
367 3016 409 3094 G,
440 3025 474 3081 et
497 3013 683 3081 Rhodanus
705 3023 927 3102 temperatura
946 3015 1113 3100 -18003
1140 3038 1236 3087 vero·

272 3173 420 3244 similiter
446 3181 555 3241 motus
582 3170 758 3238 continuus
779 3171 1019 3240 moleoularum
1040 3173 1151 3242 obstat
1168 3173 1243 3255 ὶΙΙί,Ι

272 3329 385 3396 forsan
404 3326 510 3394 etiam
522 3326 607 3392 aliae
626 3346 746 3392 causae
771 3325 834 3415 (l).

318 3484 462 3568 Quando
483 3483 672 3572 congelatio
688 3483 777 3550 lente
793 3482 912 3572 incipit
928 3484 1036 3573 primo
1057 3483 1243 3552 formantur

276 3640 461 3707 tenuissima
480 3639 667 3719 filameuta,
690 3649 766 3729 post
781 3641 890 3729 prima
906 3641 1244 3711 filamenta'oriuntur

282 3851 631 3869 m

310 3971 350 4038 (t)
368 3970 441 4022 cant.
460 3986 482 4023 e.
502 3977 524 4023 a
543 3982 661 4025 rantur
678 3969 705 4022 iu
722 3983 764 4038 op.
785 3968 831 4023 alt.
851 3966 920 4022 lam.
940 3967 977 4022 11.
995 3968 1107 4022 omn..-
