2912 4968
239 1067 294 1137 oe
316 1069 445 1145 moda's,
477 1065 602 1157 quibus
622 1066 760 1156 glaczes
782 1075 859 1136 crte
872 1067 1067 1157 formatur:

217 1359 359 1443 Quando
378 1379 485 1448 aqua,
517 1378 606 1446 quae
625 1354 846 1445 temperatura
862 1356 960 1435 0⁰0„
984 1360 1035 1426 sel
1052 1370 1138 1426 tem·-⁵

169 1525 325 1602 paratura
342 1514 429 1581 infra
446 1514 511 1581 hoc
528 1523 690 1602 punctum
710 1505 851 1600 gaudet,
878 1513 1038 1602 agitetur-3
1060 1535 1141 1580 mon

171 1674 339 1761 congelari
358 1671 487 1758 incipit.
537 1669 643 1736 Etiam
664 1670 851 1757 congelatio
873 1679 1087 1756 promovetur
1104 1670 1140 1736 in

171 1813 295 1913 aquam
326 1823 507 1912 injicienda
532 1824 697 1912 particula
726 1825 878 1904 minima,
903 1828 1009 1892 omnis
1034 1835 1138 1892 mate·

170 1983 258 2058 riae,
282 1979 341 2046 sed
359 1979 539 2066 praecipue
559 1979 688 2067 glaciei.
732 1979 838 2046 Porro
855 1981 1013 2047 fricandis
1028 1980 1138 2066 parie-

172 2135 260 2202 tibus
287 2136 370 2203 vasis
396 2135 482 2202 infra
509 2135 785 2223 perpendiculum
811 2151 908 2212 cera,
943 2144 1014 2201 tum
1044 2134 1142 2223 quasi

175 2293 325 2360 oriuntur
340 2292 541 2360 vibrationes
559 2313 714 2362 sonorae:
734 2293 823 2359 inlra
844 2311 955 2358 ceram
972 2311 1050 2358 mox
1068 2292 1140 2380 gua

174 2445 256 2513 ciem
275 2447 354 2512 oriri
371 2446 511 2514 vidimus
532 2444 594 2534 (1).
640 2447 829 2514 Secundum
846 2469 1072 2516 uounusnnun
1089 2447 1148 2536 (2)

174 2603 273 2668 etiam
300 2601 443 2668 efficitur
471 2603 680 2688 congelatio,
704 2603 842 2688 quando
862 2565 951 2690 agua
976 2603 1144 2670 sufficiens

174 2768 241 2824 tem
270 2755 401 2843 trigoris
428 2755 569 2842 gradmu
597 2757 776 2842 concepitf
805 2756 871 2824 sive
895 2757 1089 2824 transfertur
1106 2757 1145 2823 in

176 2913 323 2980 calidum
351 2912 483 2987 locum,
515 2908 582 2976 sive
611 2910 732 2975 vitrum
758 2919 888 2976 tantum
907 2929 1008 2974 manu
1031 2909 1145 2974 calida

175 3046 487 3154 comprehenditur,
522 3083 614 3152 aqua
640 3063 743 3130 ferme
767 3063 880 3130 omnis
906 3041 1163 3132 cornamento·

175 3222 244 3290 lere
259 3221 295 3288 in
313 3221 454 3310 glaciem
471 3220 684 3290 convertitur.
730 3202 870 3288 Causam
898 3241 960 3287 cur
981 3220 1071 3310 aqam
1098 3220 1158 3288 ad·

177 3388 340 3466 punctum
367 3377 612 3466 congelationis
630 3376 700 3444 lere
727 3376 920 3466 frigefacto,
952 3376 1055 3444 unico
1077 3355 1169 3443 tere?

176 3544 345 3602 momento
361 3535 398 3602 in
415 3535 639 3602 innumerales
655 3533 838 3604 istiusmodi
856 3536 1005 3626 mireque
1032 3519 1066 3602 se
1080 3512 1152 3608 'de‘

184 3785 532 3812 ..nunu—nnn·-

211 3922 251 3992 (1)
270 3925 343 3977 conl.
362 3939 470 3986 narrar,
490 3923 565 3978 Dias.
583 3939 632 3977 sor
648 3924 676 3978 la
692 3924 775 3992 place.

212 4022 252 4093 (2)
270 4023 343 4078 cunt
364 4023 437 4080 rtet.
460 4023 617 4094 Transeat,
634 4025 693 4080 Vola
711 4024 804 4080 xlllla
