2912 4968
696 466 740 532 25

234 695 460 785 stagnantibus
488 704 520 762 et
544 693 670 772 fluviis,
705 706 737 760 et
769 715 788 760 a
817 671 988 782 superficie
1018 708 1050 764 et
1078 719 1096 763 a
1125 700 1201 766 lun·

233 853 278 920 do
295 919 297 923 ,
317 852 465 918 formari.
526 851 652 918 Eodem
691 860 839 939 tempore
871 863 985 921 narrat
1018 854 1134 922 vidisse
1167 878 1202 922 sa

233 1007 375 1096 glaciem
409 1006 581 1096 superficie
616 1011 637 1100 i
667 1007 869 1088 centimetri,
902 1020 935 1078 et
963 1010 1104 1100 glaciem
1125 1011 1201 1078 lun·

235 1166 282 1232 da
305 1167 327 1252 ξ
349 1166 532 1234 centimetri
557 1166 710 1245 formari,
741 1186 830 1255 quae
853 1175 965 1252 partes
988 1166 1146 1255 glaciales
1168 1188 1203 1234 se

226 1323 426 1414 jungebant.
479 1323 586 1391 Etiam
626 1333 703 1390 acta
740 1323 915 1390 Societatis
948 1322 1201 1406 Doctrinarum

234 1501 323 1568 quae
337 1481 482 1548 Harlemi
503 1488 552 1546 est
567 1477 615 1569 (1)
632 1488 788 1548 narrauit
811 1478 960 1566 aurigam
976 1500 1082 1566 prope
1099 1479 1203 1546 Crim-

227 1658 289 1725 pas
308 1639 355 1704 ed
381 1637 525 1704 Leccam
549 1635 686 1714 uidisse,
715 1635 883 1722 navigium
899 1633 996 1723 cujus
1013 1655 1096 1721 ope,
1121 1655 1198 1702 cur-

232 1813 288 1858 rus
315 1793 358 1858 ab
387 1813 455 1858 unu
481 1791 527 1858 ad
552 1791 690 1858 alteram
711 1791 818 1878 ripam
841 1789 1116 1872 transvehuntur,
1142 1812 1202 1856 au·

233 1949 374 2014 tumnali
394 1957 542 2035 ternpore
562 1948 764 2014 submersum
784 1947 904 2025 fuisse,
927 1957 964 2013 ut
984 1945 1201 2012 nullomodo

234 2105 344 2172 attolli
370 2105 536 2194 patuerit,
570 2126 684 2174 verum
710 2104 803 2174 brevi
825 2113 1004 2193 postquam
1022 2102 1125 2192 lrigus
1145 2105 1207 2170 ali-

234 2271 364 2350 quanto
392 2262 501 2330 acrius
527 2282 594 2330 esse
613 2263 802 2351 inceperat,
832 2259 878 2328 ad
898 2260 1106 2349 superficiem
1126 2281 1207 2327 ena·

133 2487 137 2494 ,
235 2424 319 2482 tasse
340 2414 489 2504 undique
507 2414 614 2506 glacie
633 2413 887 2484 circumdatum.
930 2413 1026 2481 Hanc
1047 2414 1084 2480 in
1101 2413 1207 2482 lando

233 2571 410 2638 formatam
439 2570 556 2650 luisse,
589 2579 731 2638 constat.
783 2569 890 2637 Porro
915 2569 1101 2638 observarit
1131 2592 1205 2638 nra·

233 2749 380 2806 usurus,
411 2724 519 2792 hicme
550 2724 655 2806 1780,
689 2725 830 2822 glaciem
857 2746 879 2794 a
918 2725 1024 2793 lando
1050 2726 1205 2810 lormari;

234 2891 270 2948 et
288 2880 424 2971 quidem
441 2890 570 2948 tantum
585 2881 621 2946 in
638 2880 677 2947 iis
695 2881 779 2948 locis
795 2881 855 2948 ubi
872 2901 998 2948 massae
1015 2853 1136 2948 arenae
1152 2884 1204 2950 in-

233 3036 460 3106 veniebantur.
513 3035 704 3104 Secundum
729 3055 891 3104 ranaruu
918 3043 1015 3114 sunt,
1045 3035 1202 3117 canabis,

234 3193 332 3272 lana,
356 3213 474 3272 coma,
498 3202 532 3260 et
549 3192 742 3282 praesertim
758 3211 890 3258 muscus
906 3201 1007 3280 atque
1021 3201 1131 3258 crusta
1151 3213 1205 3259 ar·
1312 3215 1314 3224 ¹

233 3349 374 3429 barum,
408 3367 571 3436 corpora3
604 3369 693 3444 quae
720 3348 828 3418 fundo
855 3349 968 3416 locata
996 3370 1030 3416 se
1057 3349 1203 3416 omnium

236 3505 359 3591 optime
391 3503 499 3594 glacie
526 3513 692 3594 teguntur.
744 3504 836 3572 Inter
862 3506 1018 3585 metalla,
1050 3513 1203 3576 stannum

236 3659 300 3726 hac
313 3661 517 3748 proprietate
533 3661 675 3752 gaudet,
698 3661 842 3728 maximo
857 3660 981 3751 gradu,
1004 3661 1127 3730 ferrum
1140 3665 1202 3730 rni-

246 3869 591 3892 Μ

177 4042 179 4046 .
267 3988 305 4058 (l)
326 3990 398 4042 canl.
424 3991 649 4062 Verlasalels’nqan
667 3995 713 4048 cler
732 3995 823 4050 ilcarl.
844 3993 1056 4078 Martaclsappij‚
1075 3997 1105 4050 ll.
1124 3996 1178 4052 KV.
