2912 4968
740 486 742 496 .
763 433 807 498 62

310 685 465 756 superare
491 663 580 733 illam
605 679 733 748 aquae,
766 679 853 747 quae
883 659 1049 746 congelari
1073 661 1206 747 incipit,
1237 674 1270 728 ct

310 822 578 909 evaporationem
604 839 808 895 accrescere,
843 827 1009 882 crescente
1033 816 1163 905 frigore.
1212 819 1271 884 Se-

310 979 457 1044 cundum
479 997 669 1053 nonnnrnn,
700 994 879 1050 amonuit,
910 972 1057 1060 aliosque
1083 974 1273 1039 recentioris

310 1133 482 1219 temporis,
517 1151 615 1198 causa
631 1129 803 1197 voluminis
820 1128 1021 1193 decrementi
1041 1129 1135 1215 quod
1158 1129 1268 1194 obaer-

311 1289 468 1365 vibatur,
499 1285 667 1353 oriebatur
695 1307 734 1352 cx
763 1285 877 1352 attritu
893 1285 976 1378 airis
995 1305 1062 1372 quc
1084 1287 1206 1372 glacies
1223 1287 1272 1351 di-

311 1445 520 1510 minueretur.
572 1443 635 1508 Din
662 1440 726 1506 hac
752 1441 794 1507 de
818 1463 854 1506 re
877 1441 962 1506 inter
984 1439 1137 1528 Physicos
1153 1463 1274 1529 magna

311 1601 350 1664 iis
366 1600 444 1676 fnit,
478 1599 585 1664 donec
612 1599 746 1693 tandem
769 1617 1023 1664 car-numianus
1043 1597 1090 1686 (l)
1121 1599 1272 1664 ostende·

311 1764 380 1832 ret,
401 1755 686 1823 aolidificationcm
698 1774 807 1840 aquae
823 1754 1049 1840 evaporaticni
1064 1774 1133 1819 nnn
1151 1755 1274 1830 ahma.

310 1909 364 1974 Ad
389 1909 641 1975 mensurandam
668 1909 845 1974 tensionem
870 1910 1002 1996 vaporis
1020 1931 1128 1998 aquae
1149 1921 1273 1997 tempe-

305 2073 441 2130 -ra'turae
472 2064 558 2130 inira
589 2074 750 2151 punctum
780 2065 1033 2152 congelationis,
1075 2066 1273 2153 excogitavit
1310 2097 1314 2102 ·

306 2229 529 2305 apparatum,
563 2220 621 2306 qui
650 2230 779 2286 constat
808 2241 827 2286 e
852 2221 933 2286 tubo
957 2220 1151 2298 baromctri,
1177 2221 1273 2308 cujus

302 2395 388 2459 ¹pars
412 2395 563 2460 suprema
589 2395 766 2462 parumper
783 2387 831 2442 est
847 2386 1018 2462 recurvata
1036 2385 1073 2440 ut
1093 2375 1150 2462 fig.
1171 2375 1193 2440 9
1212 2375 1272 2439 de·

311 2538 482 2594 monstrat.
536 2531 598 2595 Hic
627 2532 723 2597 tubus
754 2533 898 2620 repletur
922 2531 1144 2620 hydrargyrc',
1180 2532 1275 2618 quod

306 2691 411 2752 antea
436 2686 619 2752 ebullitioni
645 2689 785 2754 traditur
794 2703 807 2766 ,·
838 2688 882 2754 ad
914 2689 1143 2775 eipelienduni
1166 2691 1272 2752 adrem

304 2842 629 2930 vatmosphaericum3
669 2866 769 2932 porro
807 2845 942 2911 additur
968 2865 1071 2930 parva
1107 2845 1273 2932 quantitas

265 2978 268 2984 ¹
307 3019 441 3086 aquae,
466 3021 552 3087 quae
575 3001 711 3088 quando
732 3001 829 3066 tubus
849 3001 1068 3079 convertitur,
1092 3021 1192 3086 supra
1209 2999 1272 3086 'hy-

306 3155 508 3242 drargyrum
534 3157 725 3234 adsccndit,
757 3157 878 3243 partim
905 3167 1140 3242 evaporatur,‘
1158 3166 1190 3220 ct
1214 3153 1275 3242 hy-

311 3311 508 3398 drargyrum
534 3312 685 3400 deprimit
718 3313 885 3399 quantitas
911 3312 1069 3379 definita·
1113 3311 1274 3376 Gan-nas·

311 3488 429 3533 sanem
453 3476 490 3532 ut
513 3467 648 3533 definita
669 3470 784 3555 vapori
808 3479 1027 3556 temperatura
1048 3467 1199 3543 daretur,
1222 3466 1274 3532 in·

310 3623 463 3688 troducit
489 3625 577 3710 parti
603 3645 772 3712 supremae
797 3625 825 3690 Α
849 3625 938 3702 tubi,
962 3645 1038 3692 vase
1053 3623 1180 3710 replete
1197 3623 1274 3688 anu·

305 3923 323 3943 ‘
341 3957 384 4026 (r)
404 3961 476 4014 conr.
496 3959 565 4016 aaa.
584 3963 616 4012 aa
634 3961 738 4016 aaran
754 3969 780 4014 u
796 3961 829 4012 aa
847 3962 993 4026 naysum,
1012 3929 1090 4015 atta.
1113 3955 1117 3960 '
1202 4003 1207 4012 .
