2912 4968
753 471 798 537 ild

264 705 357 775 'leue
386 705 530 796 perfecte
557 702 731 780 claudens,
756 711 789 768 et
814 722 856 768 ne
872 700 937 768 hoc
955 701 1057 767 modo
1073 721 1158 791 aqua
1178 699 1248 767 ullo

283 863 388 931 modo
414 861 501 929 exire
523 869 653 949 posset,
687 858 774 925 lianc
806 859 944 946 plumbo
972 857 1153 947 liquefacto
1188 857 1249 924 ob·

285 1030 430 1098 struens,
451 1026 527 1105 post
547 1015 662 1081 decem
682 1012 781 1080 horas
806 1013 920 1102 frigori
939 1014 1141 1100 expositum,
1165 1013 1249 1078 selo·
1279 1049 1282 1056 »

284 1184 398 1262 petum
424 1181 531 1238 totum
558 1169 741 1256 disruptum
767 1167 841 1236 fuit.
891 1167 1022 1236 Paucos
1047 1189 1152 1236 annos
1178 1177 1252 1254 poet

284 1349 408 1395 cuorus
434 1325 501 1394 hoc
529 1326 785 1415 experimentum
814 1323 932 1391 eodem
951 1345 1028 1392 cum
1052 1325 1142 1391 exitu
1160 1324 1252 1390 insti·

284 1485 357 1552 tuit.
402 1485 534 1550 Bonus
556 1479 607 1572 (l)
627 1480 744 1548 tubum
764 1479 944 1546 rotundum
976 1499 1135 1567 cupreum
1164 1500 1253 1568 aqua
1361 1512 1365 1517 -

284 1641 422 1728 replevit
452 1640 552 1706 trium
576 1635 845 1705 centimetrorum
871 1635 1040 1713 diametri,
1081 1644 1114 1700 et
1147 1657 1252 1723 quum
1284 1727 1286 1730 .
1383 1615 1385 1618 ⁵

282 1793 460 1881 congelata
484 1801 587 1870 esset,
615 1793 740 1858 invenit
764 1789 853 1857 hanc
877 1791 1019 1878 glaciem
1037 1789 1082 1861 74
1100 1791 1251 1878 pondera

286 1969 382 2037 posse
398 1947 494 2014 ieme.
538 1945 605 2012 Sed
627 1945 701 2036 jam
727 1955 804 2012 ante
831 1947 924 2010 illum
943 1947 1153 2014 instituerunt
1168 1945 1253 2013 Aea·

276 2105 405 2174 ‹demici
421 2102 598 2172 Florentini
617 2095 888 2200 experimentum,
913 2099 1009 2189 eujus
1028 2100 1099 2166 tubi
1116 2103 1252 2168 rotundi

282 2271 317 2328 et
339 2260 433 2345 cupri
450 2281 489 2324 ea
512 2259 611 2324 dehet
628 2277 698 2349 esse
713 2257 876 2334 crassitie,
900 2265 937 2322 ut
954 2276 1024 2322 non
1040 2257 1142 2343 possit
1159 2255 1252 2324 hiare

286 2414 480 2514 dilatatione
498 2412 629 2499 glaciei.
673 2413 1011 2480 ldosscannnnosnrus
1038 2433 1057 2477 e
1083 2413 1254 2481 reactione

286 2571 409 2638 metalli
426 2569 518 2636 illam
533 2569 601 2641 vim
620 2569 845 2657 computavit,
875 2577 909 2635 et
926 2567 1068 2636 invenit:
1090 2589 1165 2636 eam
1184 2548 1253 2636 esse

279 2727 460 2816 aequalem
477 2728 635 2816 pressioni
647 2725 760 2797 27720
775 2725 971 2814 ponderum.
1015 2723 1162 2792 Tandem
1169 2746 1255 2794 wra-

282 2905 385 2960 erans
404 2880 455 2972 (2)
472 2884 670 2973 epistomum
688 2892 842 2950 cavatum
854 2881 952 2971 cujus
968 2881 1129 2949 diameter
1142 2893 1252 2950 enter·

279 3049 438 3108 mus'erat
458 3040 543 3125 121⁸,
560 3038 709 3115 cautim„
732 3039 878 3106 internus
889 3041 955 3124 91¹,
973 3038 1124 3120 cautim,
1146 3041 1253 3108 lerreo

281 3198 449 3288 operculo
475 3197 642 3274 clausum,
673 3194 718 3280 22³,
749 3195 899 3282 pondera
928 3217 1017 3284 aqua
1049 3197 1186 3284 replevit
1215 3207 1250 3262 et

280 3340 403 3446 frigori
433 3353 602 3442 exposuit,
635 3352 829 3418 dilatatione
859 3355 1052 3439 operculum
1077 3351 1251 3438 expellitur

283 3521 323 3578 et
345 3512 412 3580 tto
438 3509 540 3600 pedes
567 3507 754 3598 projicitur.
803 3508 989 3589 'voluminis
1015 3509 1253 3578 incrementum

279 3665 524 3757 re'ratinler1‘7
548 3675 580 3731 et
601 3668 654 3753 ᾗ.

294 3825 644 3848 ..................

306 3897 357 3966 «(1)
377 3898 450 3951 conl.
468 3911 561 3963 roras,
581 3898 700 3952 Historia
711 3900 838 3968 frigoris.

305 3995 356 4066 pm)
375 3999 446 4056 cont.
461 3997 539 4051 ortt.
559 3997 701 4052 Transeat.
724 4001 758 4067 os
772 3997 924 4064 Minium,
942 3997 997 4052 Vol.
1017 3997 1053 4056 ll.
