2912 4968
679 493 722 560 57

220 723 341 810 ›g'aute
370 718 605 796 architectum,
639 728 675 814 et
698 738 784 804 pour
818 738 951 803 pousser
980 721 1011 783 le
1039 721 1178 808 prodige

218 879 398 966 sjusqu'au
426 875 526 952 bout,
562 895 606 940 on
633 875 692 940 mit
720 893 763 938 au
790 873 911 942 devant
933 873 981 939 six
1003 875 1115 961 pidces
1134 876 1177 940 de

220 1053 352 1097 »canon
369 1031 410 1096 de
426 1029 531 1096 meme
548 1030 696 1108 matiere,
722 1051 801 1098 aveo
818 1031 903 1096 leurs
918 1029 1015 1094 affuts
1033 1029 1116 1094 aussi
1135 1029 1177 1094 de

217 1149 347 1274 »giacez
380 1209 435 1254 ees
465 1188 575 1274 pidces
592 1186 716 1252 etoicnt
736 1186 780 1251 du
801 1186 924 1252 ealibre
942 1186 984 1251 de
1004 1185 1101 1251 cellas
1117 1185 1177 1271 qui

217 1354 373 1430 »portent
399 1344 653 1410 ordinairement
678 1343 758 1406 trois
783 1336 878 1407 tirres'
907 1342 949 1406 de
976 1341 1122 1427 pondre,
1152 1341 1177 1402 il

218 1509 287 1564 sest
316 1499 386 1565 urai
412 1501 514 1586 qu'au
541 1499 607 1562 lieu
633 1497 676 1562 de
694 1497 773 1561 trois
789 1497 902 1572 livres,
926 1516 971 1560 on
986 1517 1029 1560 ne
1047 1497 1119 1560 laur
1134 1516 1176 1560 en

216 1654 352 1720 »donna
379 1670 445 1741 qua
474 1654 553 1718 trois
585 1663 797 1740 quarterons3
828 1653 911 1716 mnis
942 1652 1031 1716 enfin
1059 1671 1104 1716 on
1128 1653 1174 1716 les

215 1811 318 1887 stira,
343 1819 375 1874 et
392 1810 424 1873 le
442 1809 556 1873 boulet
575 1808 674 1873 d'une
694 1809 736 1872 de
758 1829 811 1873 ces
827 1810 937 1894 pieces
955 1829 1057 1894 parca
1074 1828 1094 1872 a
1111 1807 1177 1872 soi·

213 1975 335 2030 »xante
362 1985 423 2052 pas
447 1985 512 2030 une
540 1963 682 2052 plancho
712 1966 754 2030 de
780 1965 866 2030 deux
887 1984 1012 2050 pouces
1034 1964 1175 2050 d’dpais-

211 2121 341 2186 »seur.”
387 2119 551 2202 Quoniam
578 2140 656 2186 vero
681 2120 799 2207 glaciei
827 2120 960 2185 durities
988 2129 1035 2185 est
1062 2121 1173 2198 varia,

190 2365 194 2374 ι
210 2296 297 2363 quae
311 2275 490 2362 praecipue
508 2275 672 2360 dependet
687 2286 756 2341 tum
771 2296 790 2340 a
804 2277 972 2353 locorum,
996 2275 1054 2340 ubi
1071 2275 1176 2341 oritur

209 2430 288 2506 situ,
321 2441 391 2495 tum
418 2451 438 2494 a
465 2430 584 2518 majori
600 2432 758 2498 minorive
777 2433 949 2518 temporis,
973 2432 1059 2498 intra
1078 2431 1172 2519 quod

209 2585 369 2651 formatur
378 2587 503 2672 spatio,
522 2587 640 2652 mirum
653 2608 723 2651 non
739 2599 805 2665 est,
825 2598 949 2652 certam
957 2609 1027 2652 non
1035 2587 1172 2652 darira-
1245 2657 1247 2662 ,

209 2741 348 2821 tionem,
369 2765 437 2831 qua
452 2744 677 2829 utipossumus
688 2743 732 2806 ad
743 2743 955 2807 resistentiam
967 2743 1084 2829 glaciei
1095 2764 1171 2808 eum

209 2917 263 2976 ea,
277 2919 378 2984 quam
388 2899 528 2963 offerunt
540 2871 604 2962 alia
614 2918 754 2985 corpora
766 2897 886 2976 solida,
900 2896 1170 2984 comparandam.

221 3109 223 3114 .
249 3052 292 3117 At
318 3052 528 3119 nihilominus
556 3075 722 3120 usrnanos
749 3063 858 3118 tamen
879 3063 1012 3132 narret,
1044 3053 1171 3138 experi-

207 3207 324 3272 mentis
347 3207 502 3272 institutis
523 3205 610 3273 hanc
632 3203 968 3274 rationem'invenisse
988 3229 1064 3274 cnm
1082 3227 1171 3271 mar·

204 3382 296 3428 more
318 3363 367 3427 uti
390 3363 405 3426 l
421 3387 429 3428 ε
445 3363 504 3442 10,
530 3373 564 3428 at
582 3385 685 3452 qrrum
704 3364 838 3430 durities
859 3364 976 3451 glaciei
996 3373 1168 3448 tantopere

152 3493 154 3496 Ι
207 3517 357 3596 differat,
379 3518 511 3584 minime
531 3519 608 3584 inde
625 3519 781 3584 concludi
797 3539 892 3606 posse
910 3517 1058 3595 videtur,
1081 3515 1168 3584 hano
1198 3585 1203 3600 ,

206 3681 243 3738 ut
266 3683 472 3740 constantem
491 3674 653 3739 rationem
674 3675 901 3740 assumendam
921 3695 1000 3742 esse.

248 3828 421 3910 Quantitas
447 3831 603 3917 ponderis
631 3851 717 3917 qnae
744 3830 886 3918 glacies,
916 3832 984 3896 sine
1004 3832 1166 3917 disrump-

204 3982 314 4067 tione,
349 3985 433 4056 serre
459 3995 568 4076 potest
587 4006 656 4052 non
675 3988 779 4054 solum
803 3987 968 4074 dependet
989 3987 1162 4062 admitte,
